=LDR  02525nas a2200529 i 4500
=001  021174910
=003  Uk
=005  20230815102944.0
=006  m\\\\\|\\d\|\\\\\\
=007  cr\|||||||||||
=008  230815d20uu2020nikar\\\o\s\\o0\\\a0eng\\
=FMT  \\$a  SE
=040  \\$aUk$beng$cUk$erda
=042  \\$aukblsr
=082  04$a362.1988809416021$223
=245  00$aNorthern Ireland termination of pregnancy statistics.
=264  \1$aBelfast :$bHospital Information Branch, Information and Analysis Directorate, Department of Health, Social Services & Public Safety,$c-2020.
=264  31$32016-$aBelfast :$bHospital Information Branch, Information and Analysis Directorate, Department of Health
=310  \\$aAnnual
=336  \\$atext$2rdacontent
=337  \\$acomputer$2rdamedia
=338  \\$aonline resource$2rdacarrier
=362  0\$a-2019/20.
=588  \\$aDescription based on: 2014/2015 issue ; title from PDF cover (niopa.qub.ac.uk/, viewed August 15, 2023).
=588  \\$aLatest issue consulted: 2019/2020 (viewed August 15, 2023).
=650  \7$aAbortion.$2fast$0(OCoLC)fst00794582
=651  \7$aNorthern Ireland.$2fast$0(OCoLC)fst01205215
=655  \7$aStatistics.$2fast$0(OCoLC)fst01423727
=655  \7$aPeriodicals.$2fast$0(OCoLC)fst01411641
=690  7\$aSocial Welfare$2blcoll
=710  1\$3-2014/2015:$aNorthern Ireland.$bDepartment of Health, Social Services, and Public Safety.$bInformation and Analysis Directorate.$eissuing body.
=710  1\$32015/2016-$aNorthern Ireland.$bDepartment of Health.$bInformation and Analysis Directorate.$eissuing body.
=776  08$iAlso issued in print as:$tNorthern Ireland termination of pregnancy statistics
=785  00$tNorthern Ireland hospital based termination of pregnancy statistics
=856  40$32015/16-$uhttp://niopa.qub.ac.uk/handle/NIOPA/16036
=856  40$32014/15:$uhttp://niopa.qub.ac.uk/handle/NIOPA/16035
=856  4\$ahttps://www.health-ni.gov.uk/$zTo search
=859  \\$aELD$bejournal
=985  \\$aWFH record (CS) 2023
=CAT  \\$a8124$b40$c20230815$lBLL01$h1019
=CAT  \\$a8124$b40$c20230815$lBLL01$h1022
=CAT  \\$a8124$b40$c20230815$lBLL01$h1023
=CAT  \\$a8124$b40$c20230815$lBLL01$h1029
=FIN  \\$aY$d20230815
=LET  \0$aNorthern Ireland termination of pregnancy statistics (Electronic)
=LKR  \\$aPAR$b017118199$lBLL01$r776$mNorthern Ireland termination of pregnancy statistics (Online)$nNorthern Ireland termination of pregnancy statistics (Print)
=LAS  \\$a8124$b40$c20230815$lBLL01$h1029

