=LDR  02779 as a2200601 i 4500
=001  017671606
=003  Uk
=005  20151218111956.0
=006  m\\\\\|\\d\|\\\\\\
=007  cr\|||||||||||
=008  151218c200u9999wlkar\p\o\\\\o0\\\b0wel\\
=FMT  \\$a  SE
=040  \\$aUk$beng$cUk$erda
=042  \\$aukblsr
=082  04$a364.8094299$223
=130  0\$aMulti-agency public protection arrangements [Gwent].$lWelsh.
=245  10$aTrefniadau amlasiantaethol ar gyfer diogelu'r cyhoedd :$badroddiad blynyddol : MAPPA.
=246  1\$iMinor title change$aMAPPA.$pGwent :$badroddiad blynyddol$f2011/2012-
=246  1\$iWeb link title:$aGwent MAPPA annual report
=246  10$aMAPPA
=246  13$aMAPPA adroddiad blynyddol
=246  17$aAdroddiad blynyddol trefniadau amlasiantaethol ar gyfer diogelu'r cyhoedd
=264  \1$a[Wales] :$bNational Probation Service Gwent, HM Prison Service, Heddlu Gwent Police
=300  \\$billustrations (colour)
=310  \\$aAnnual
=336  \\$atext$2rdacontent
=337  \\$acomputer$2rdamedia
=338  \\$aonline resource$2rdacarrier
=588  \\$aDescription based on 2008/2009 issue; title from PDF cover (National Archives, viewed December 18, 2015).
=588  \\$aLatest issue consulted: 2013/2014 (GOV.UK, viewed December 18, 2015).
=650  \0$aOffenses against the person$zWales$zGwent$xPrevention$vPeriodicals.
=650  \0$aViolent offenders$xRehabilitation$zWales$zGwent$vPeriodicals.
=650  \0$aSex offenders$xRehabilitation$zWales$zGwent$vPeriodicals.
=650  \0$aRecidivism$zWales$zGwent$xPrevention$vPeriodicals.
=710  2\$aNational Probation Service for England and Wales, Gwent.
=710  1\$aGreat Britain.$bHM Prison Service.
=710  2\$aGwent Police.
=710  2\$32013/2014-:$aNational Probation Service for England and Wales,
=775  0\$tMulti-agency public protection arrangements [Gwent]
=856  4\$uhttp://www.gwentmappa.org.uk/$zFollow links to resource
=856  4\$uhttps://www.gov.uk/government/publications/multi-agency-public-protection-arrangements-mappa-annual-reports-2013-14$zFollow links to resource
=856  4\$ahttp://webarchive.nationalarchives.gov.uk$zTo search
=859  \\$aELD$bejournal
=CAT  \\$a11316$b40$c20151218$lBLL01$h1032
=CAT  \\$a11316$b40$c20151218$lBLL01$h1033
=CAT  \\$a11316$b40$c20151218$lBLL01$h1107
=CAT  \\$a11316$b40$c20151218$lBLL01$h1119
=CAT  \\$aW1711-1005$c20171206$lBLL01$h1829
=CAT  \\$aBATCH-UPD$b00$c20171206$lBLL01$h1936
=FIN  \\$aY$d20151218
=LET  \0$aGwent adroddiad blynyddol MAPPA. (Electronic)
=LKR  \\$aPAR$b013586350$lBLL01$nMulti-agency public protection arrangements [Gwent]$mGwent adroddiad blynyddol MAPPA$r775
=LAS  \\$aBATCH-UPD$b00$c20171206$lBLL01$h1936

