=LDR  02055cas a2200517 i 4500
=001  020675328
=003  Uk
=005  20220721144826.0
=006  m\\\\\|\\d\|\\\\\\
=007  cr\|||||||||||
=008  220712c20169999enkar\\\o\s\\o0\\\a0eng\\
=FMT  \\$a  SE
=015  \\$aGBC2C0908$2bnb
=040  \\$aUk$beng$cUk$erda
=042  \\$aukblsr
=082  04$a382.609416$223
=245  00$aInternational perceptions of Northern Ireland.$pExports.
=246  30$aExports
=264  \1$a[Belfast] :$bNorthern Ireland. Executive Office,$c2017-
=300  \\$billustrations (colour), maps (colour).
=310  \\$aAnnual
=336  \\$atext$2rdacontent
=337  \\$acomputer$2rdamedia
=338  \\$aonline resource$2rdacarrier
=362  0\$a2016-
=490  0\$32016:$aAnholt-GFK Roper Nation Brands Index
=490  0\$32017-:$aSix Dimensions of the Nation Brands Index
=588  \\$aTitle from PDF caption (www.executiveoffice-ni.gov.uk, viewed July 12, 2022).
=588  \\$aLatest issue consulted: 2021 (published 16 February 2022) (viewed July 12, 2022).
=650  \0$aExports$zNorthern Ireland$vPeriodicals.
=650  \0$aExports$zNorthern Ireland$xPublic opinion$vPeriodicals.
=650  \0$aExports$zNorthern Ireland$xPublic opinion$vStatistics$vPeriodicals.
=710  1\$aNorthern Ireland.$bExecutive Office,$eissuing body.
=710  2\$aNorthern Ireland Statistics & Research Agency,$eissuing body.
=856  4\$uhttp://niopa.qub.ac.uk/handle/NIOPA/14197
=856  4\$ahttps://www.executiveoffice-ni.gov.uk/topics/statistics-and-research/nation-brands-index$zFollow links to resource
=859  \\$aELD$bejournal
=985  \\$aWFH record (CS) 2022
=CAT  \\$a8124$b40$c20220712$lBLL01$h1531
=CAT  \\$a8124$b40$c20220712$lBLL01$h1533
=CAT  \\$a8124$b40$c20220713$lBLL01$h0852
=CAT  \\$a8124$b40$c20220713$lBLL01$h1002
=CAT  \\$a8124$b40$c20220721$lBLL01$h1448
=FIN  \\$aY$d20220712
=LET  \0$aInternational perceptions of Northern Ireland. Exports (Electronic)
=LAS  \\$a8124$b40$c20220721$lBLL01$h1448

