=LDR  02394cas a2200553 i 4500
=001  021174904
=003  Uk
=005  20230817155659.0
=006  m\\\\\|\\d\|\\\\\\
=007  cr\|||||||||||
=008  230815c20109999nikqr\\\o\s\\o0\\\a0eng\\
=FMT  \\$a  SE
=015  \\$aGBC3F3487$2bnb
=040  \\$aUk$beng$cUk$erda
=042  \\$aukblsr
=082  04$a362.109416$223
=245  00$aNorthern Ireland waiting time statistics.$pOutpatient waiting times.
=246  30$aOutpatient waiting times
=260  \\$aBelfast :$bDepartment of Health, Social Services and Public Safety
=264  31$3<2016>-$aBelfast :$bDepartment of Health, Information & Analysis Directorate
=300  \\$billustrations (colour)
=310  \\$aQuarterly
=336  \\$atext$2rdacontent
=337  \\$acomputer$2rdamedia
=338  \\$aonline resource$2rdacarrier
=362  1\$aPrint began in 2010.
=500  \\$aVersion at health-ni.gov.uk in HTML format from 2022-.
=588  \\$aDescription based on: Print version record.
=588  \\$aLatest issue consulted: (nisra.gov.uk, viewed August 15, 2023).
=655  \7$aPeriodicals.$2fast$0(OCoLC)fst01411641
=690  7\$aSocial Welfare$2blcoll
=710  1\$aNorthern Ireland.$bDepartment of Health, Social Services, and Public Safety.
=710  2\$aUK Statistics Authority.
=710  2\$aNorthern Ireland Statistics & Research Agency.
=710  1\$aNorthern Ireland.$bDepartment of Health.
=780  01$tNorthern Ireland waiting lists
=776  08$iPrint version -<2012>:$tNorthern Ireland waiting time statistics. Outpatient waiting times
=856  40$uhttp://niopa.qub.ac.uk/handle/NIOPA/16032
=856  4\$ahttps://www.health-ni.gov.uk/articles/outpatient-waiting-times$zFollow links to resource
=859  \\$aELD$bejournal
=985  \\$aNIOPA version PDF; health-ni.gov.uk version in HTML from <2022>-
=985  \\$aWFH record (CS) 2023
=CAT  \\$a8124$b40$c20230815$lBLL01$h0950
=CAT  \\$a8124$b40$c20230815$lBLL01$h0952
=CAT  \\$a8124$b40$c20230817$lBLL01$h1556
=FIN  \\$aY$d20230815
=LET  \0$aNorthern Ireland waiting time statistics. Outpatient waiting times (Electronic)
=LKR  \\$aPAR$b015800894$lBLL01$r776$mNorthern Ireland waiting time statistics. Outpatient waiting times (Online)$nNorthern Ireland waiting time statistics. Outpatient waiting times (Print)
=LAS  \\$a8124$b40$c20230817$lBLL01$h1556

