=LDR  01654nas a2200433 i 4500
=001  020797899
=003  Uk
=005  20221104095014.0
=006  m\\\\\|\\d\|\\\\\\
=007  cr\|||||||||||
=008  221104c201u9999stkar\\\o\\\\\0\\\a0eng\\
=FMT  \\$a  SE
=015  \\$aGBC2J8786$2bnb
=040  \\$aUk$beng$cUk$erda
=042  \\$aukblsr
=082  04$a352.480809411$223
=110  1\$aScotland.$bScottish Government,$eauthor.
=245  10$aEquality and fairer Scotland budget statement.
=246  1\$i2019/2020 entitled :$aEquality statement Scottish budget
=264  \1$aEdinburgh :$bScottish Government
=310  \\$aAnnual
=336  \\$atext$2rdacontent
=337  \\$acomputer$2rdamedia
=338  \\$aonline resource$2rdacarrier
=588  \\$aDescription based on: 2020/2021; title from PDF cover (Gov.Scot, viewed November 4, 2022).
=588  \\$aLatest issue consulted: 2022/2023, viewed November 4, 2022.
=650  \0$aBudget$xSocial aspects$zScotland$vPeriodicals.
=650  \0$aEquality$zScotland$vPeriodicals.
=650  \0$aGovernment spending policy$zScotland$vPeriodicals.
=650  \0$aFinance, Public$zScotland$vPeriodicals.
=856  40$3Current issue:$ahttps://www.gov.scot/publications/equality-fairer-scotland-budget-statement-2022-23/documents/
=856  4\$uhttps://www.gov.scot/publications/$zTo search
=859  \\$aELD$bejournal
=CAT  \\$a8483$b40$c20221104$lBLL01$h0947
=CAT  \\$a8483$b40$c20221104$lBLL01$h0948
=CAT  \\$a8483$b40$c20221104$lBLL01$h0950
=FIN  \\$aY$d20221104
=LET  \0$aEquality and fairer Scotland budget statement (Electronic)
=LAS  \\$a8483$b40$c20221104$lBLL01$h0950

