=LDR  01999nas a2200493 i 4500
=001  020420432
=003  Uk
=005  20211208094632.0
=006  m\\\\\|\\d\|\\\\\\
=007  cr\|||||||||||
=008  211208d20uu2020nikqr\p\o\\\\\0\\\a0eng\\
=FMT  \\$a  SE
=040  \\$aUk$beng$cUk$erda
=042  \\$aukblsr
=082  04$a303.609416$223
=245  00$aCRC e-News.
=246  1\$iMinor title change:$ae-News,$f2019-
=246  3\$aCommunity Relations Council e-News
=264  \1$aBelfast :$bNI Community Relations Council,$c-2020.
=300  \\$billustrations (colour)
=310  \\$aQuarterly,$bissue 24 (January 2019)-issue 29 (April 2020)
=321  \\$aMonthly,$b-issue 92 (June 2018)
=336  \\$atext$2rdacontent
=337  \\$acomputer$2rdamedia
=338  \\$aonline resource$2rdacarrier
=362  0\$a-issue 92 (June 2018) ; issue 24 (January 2019)-issue 29 (April 2020).
=580  \\$aMerged with: CRC e-Bulletin, to form: Monthly news.
=588  \\$aDescription based on: issue 74 (May 2016), title from PDF caption (publisher's website, viewed December 8, 2021).
=588  \\$aLatest issue consulted: issue 29 (April 2020) (viewed December 8, 2021).
=610  20$aCommunity Relations Council$vPeriodicals.
=650  \0$aReconciliation$zNorthern Ireland$vPeriodicals.
=650  \0$aCommunity development$zNorthern Ireland$vPeriodicals.
=710  2\$aCommunity Relations Council,$eissuing body.
=785  17$tCRC e-Bulletin
=785  17$tMonthly news
=856  4\$32019-2020 issues:$uhttps://www.community-relations.org.uk/publications/e-bulletin-e-news$zFollow links to resource
=856  40$uhttps://www.community-relations.org.uk/publications/crc-e-bulletin-legacy-issues
=859  \\$aELD$bejournal
=985  \\$aWFH record (CS) 2021
=CAT  \\$a8124$b40$c20211208$lBLL01$h0946
=FIN  \\$aY$d20211208
=LET  \0$aCRC e-News (Electronic)
=LKR  \\$aPAR$b020420429$lBLL01$r78517$mCRC e-News$nCRC e-Bulletin
=LAS  \\$a8124$b40$c20211208$lBLL01$h0946

