=LDR  03829cas a2200841 i 4500
=001  018675990
=003  Uk
=005  20221231234351.0
=006  m\\\\\o\\d\\\\\\\\
=007  cr\mnu||||||||
=008  161124c20169999sp\fr\p\o\\\\\0\\\a0eng\d
=FMT  \\$a  SE
=022  0\$a2444-877X
=035  \\$a(OCoLC)965749407$z(OCoLC)1034891796$z(OCoLC)1125456650
=040  \\$aCNCGM$beng$cCNCGM$dOH1$dOCLCF$dUAB$dZ5A$dOCLCQ$dKSU$dAU@$dOCL$dSFB$dWURST$dUk$erda
=041  0\$aeng$bspa
=042  \\$aukblsr
=043  \\$ae------
=050  04$aHD62.25
=082  04$a658.04$223
=130  0\$aEuropean Journal of Family Business (Online)
=222  \0$aEuropean Journal of Family Business$b(Internet)
=245  10$aEuropean Journal of Family Business.
=264  \1$a[Madrid] :$bElsevier España, S.L.U.,$c2016-
=264  31$32018-$a[Málaga] :$bServicio de publicaciones de la Universidadde Málaga
=310  \\$aSemiannual
=336  \\$atext$btxt$2rdacontent
=337  \\$acomputer$bc$2rdamedia
=338  \\$aonline resource$bcr$2rdacarrier
=362  1\$aBegan with volume 6, issue 1 (January-June 2016).
=546  \\$aIn English with Spanish and English abstracts.
=588  \\$aDescription based on: Volume 6, issue 1 (January-June 2016); title from journal home page (Elsevier.com, viewed December 15, 2016).
=588  \\$aLatest issue consulted: volume 9, issue 1 (2019) (viewed December 19, 2019).
=540  \\$aCurrent Copyright Fee: GBP25.00$c0$5Uk
=650  \0$aFamily-owned business enterprises$zEurope$vPeriodicals.
=650  \7$aFamily-owned business enterprises.$2fast$0(OCoLC)fst00920575
=651  \7$aEurope.$2fast$0(OCoLC)fst01245064
=653  10$aManagement studies, Business Administration, Organizational Science (General)
=653  10$aManagement, bedrijfskunde, organisatiekunde (algemeen)
=655  \4$aElectronic journals.
=655  \7$aPeriodicals.$2fast$0(OCoLC)fst01411641
=776  08$iPrint version:$tEuropean Journal of Family Business$x2444-877X
=780  00$tRevista De Empresa Familiar
=856  40$uhttp://www.revistas.uma.es/index.php/ejfb/issue/view/516
=859  \\$aELD$bejournal
=856  40$3Elsevier$uhttp://www.journals.elsevier.com/european-journal-of-family-business
=856  40$uhttp://www.sciencedirect.com/science/journal/2444877X$zScienceDirect Open Access Titles: 01/01/2016 to Present
=856  40$3OhioLINK$uhttp://rave.ohiolink.edu/ejournals/journal/251439772$zConnect to resource
=945  \\$aEuropean journal of family business.
=979  \\$aBritish Library$bDSC$j3829.728955N
=CAT  \\$a5552$b40$c20180111$lBLL01$h1131
=CAT  \\$aBLDSS-3PM$b00$c20180118$lBLL01$h1500
=CAT  \\$aBATCH-UPD$b00$c20180118$lBLL01$h1549
=CAT  \\$a5552$b40$c20180316$lBLL01$h1406
=CAT  \\$a5552$b40$c20180316$lBLL01$h1408
=CAT  \\$a8124$b40$c20191219$lBLL01$h0949
=CAT  \\$aBATCH-CLA$b00$c20191219$lBLL01$h1805
=CAT  \\$aIPL-CLA$c20191231$lBLL01$h2045
=CAT  \\$aR2001-1524$c20200127$lBLL01$h2109
=CAT  \\$aBATCH-CLA$b00$c20201204$lBLL01$h1617
=CAT  \\$aIPL-CLA$c20201231$lBLL01$h2350
=CAT  \\$aBATCH-CLA$b00$c20221221$lBLL01$h1935
=CAT  \\$aIPL-CLA$c20221231$lBLL01$h2343
=CFI  0\$aCurrent Copyright Fee: GBP25.00$c0$e01-jan-2023$fGBP25.00$g0$hA$5Uk
=CFI  2\$aPrevious Copyright Fee: GBP22.50$c0$e01-jan-2021$fGBP22.50$g0$hA$5Uk
=FIN  \\$aY$d20191219
=LET  \0$aEuropean Journal of Family Business (Electronic)
=MNI  \\$a2444-877X
=SID  \\$aZ39$bOCLC
=ACF  \\$aPrevious copyright fee: GBP23.40$c5\1$e15-jun-2016$fGBP23.40$g0$hP$5Uk
=ACF  \\$aPrevious Copyright Fee: GBP17.50$c0$e01-jan-2018$fGBP17.50$g0$hA$5Uk
=ACF  \\$aPrevious Copyright Fee: GBP20.00$c0$e01-jan-2020$fGBP20.00$g0$hA$5Uk
=LAS  \\$aIPL-CLA$b00$c20221231$lBLL01$h2343

