=LDR  02017nas a2200517 i 4500
=001  020420429
=003  Uk
=005  20211208103039.0
=006  m\\\\\|\\d\|\\\\\\
=007  cr\|||||||||||
=008  211208d20192020nikmr\p\o\\\\\0\\\a0eng\\
=FMT  \\$a  SE
=040  \\$aUk$beng$cUk$erda
=042  \\$aukblsr
=082  04$a303.609416$223
=245  00$aCRC e-Bulletin.
=246  3\$aCommunity Relations Council e-Bulletin
=246  1\$iMinor title change:$ae-Bulletin,$fSeptember 2020-March 2020
=264  \1$aBelfast :$bNI Community Relations Council,$c2019-2020.
=300  \\$billustrations (colour)
=310  \\$aMonthly
=336  \\$atext$2rdacontent
=337  \\$acomputer$2rdamedia
=338  \\$aonline resource$2rdacarrier
=362  0\$aFebruary 2019-March 2020.
=580  \\$aMerged with: CRC e-News, to form: Monthly news.
=588  \\$aDescription based on: June/July 2019 ; title from PDF caption (publisher's website, viewed December 8, 2021).
=588  \\$aLatest issue consulted: March 2020 (viewed December 8, 2021).
=610  20$aCommunity Relations Council$vPeriodicals.
=650  \0$aReconciliation$zNorthern Ireland$vPeriodicals.
=650  \0$aCommunity development$zNorthern Ireland$vPeriodicals.
=710  2\$aCommunity Relations Council,$eissuing body.
=780  00$te-News events
=785  17$tCRC e-News
=785  17$tMonthly news
=856  4\$32019 issues:$uhttps://www.community-relations.org.uk/publications/crc-monthly-e-bulletin
=856  4\$32020:$uhttps://www.community-relations.org.uk/publications/e-bulletin-e-news$zFollow links to resource
=859  \\$aELD$bejournal
=985  \\$ae-news events not catalogued, unstable title originally split from CRC e-news?
=985  \\$aWFH record (CS) 2021
=CAT  \\$a8124$b40$c20211208$lBLL01$h0945
=CAT  \\$a8124$b40$c20211208$lBLL01$h0952
=CAT  \\$a8124$b40$c20211208$lBLL01$h1030
=FIN  \\$aY$d20211208
=LET  \0$aCRC e-bulletin (Electronic)
=LAS  \\$a8124$b40$c20211208$lBLL01$h1030

