=LDR  02166nas a2200493 i 4500
=001  021174949
=003  Uk
=005  20230815124045.0
=006  m\\\\\|\\d\|\\\\\\
=007  cr\|||||||||||
=008  230815c20159999nikqr\\\o\s\\o0\\\a0eng\\
=FMT  \\$a  SE
=015  \\$aGBC3F3514$2bnb
=040  \\$aUk$beng$cUk$erda
=042  \\$aukblsr
=082  04$a362.709416$223
=245  00$aQuarterly child protection statistics for Northern Ireland.
=264  \1$aBelfast :$bCommunity Information Branch, Information & Analysis Directorate Department of Health, Social Services & Public Safety,$c2015-
=264  31$32016-$aBelfast :$bCommunity Information Branch, Information & Analysis Directorate Department of Health
=300  \\$billustrations (colour)
=310  \\$aQuarterly
=336  \\$atext$2rdacontent
=337  \\$acomputer$2rdamedia
=338  \\$aonline resource$2rdacarrier
=362  0\$aJanuary/March 2015-
=500  \\$aTitle from PDF cover (health-ni.gov.uk/, viewed August 15, 2023).
=588  \\$aLatest issue consulted: April/June 2023 (viewed August 15, 2023).
=500  \\$aFrom 2022 issued on health-ni.gov.uk in HTML format.
=655  \7$aPeriodicals.$2fast$0(OCoLC)fst01411641
=690  7\$aSocial Welfare$2blcoll
=710  1\$3-2015:$aNorthern Ireland.$bCommunity Information Branch.$eissuing body.
=710  1\$aNorthern Ireland.$bDepartment of Health.$bInformation and Analysis Directorate,$eissuing body.
=780  00$tChildren order child protection and referral statistics for Northern Ireland
=856  4\$uhttps://www.health-ni.gov.uk/articles/child-protection-register$zFollow links to resource
=856  40$32015:$uhttp://niopa.qub.ac.uk/handle/NIOPA/16038
=856  40$32016-:$uhttp://niopa.qub.ac.uk/handle/NIOPA/16039
=859  \\$aELD$bejournal
=985  \\$aPrevious title held only in print on 016306486, so not linked
=985  \\$aWFH record (CS) 2023
=CAT  \\$a8124$b40$c20230815$lBLL01$h1240
=CAT  \\$a8124$b40$c20230815$lBLL01$h1240
=FIN  \\$aY$d20230815
=LET  \0$aQuarterly child protection statistics for Northern Ireland (Electronic)
=LAS  \\$a8124$b40$c20230815$lBLL01$h1240

