=LDR  03144cas a2200745 a 4500
=001  021021400
=003  Uk
=005  20230424115957.0
=006  m\\\\\o\\d\\\\\\\\
=007  cr\unu||||||||
=008  021212c19689999gw\zr\pso\\\\\0\\\a0eng\d
=FMT  \\$a  SE
=016  7\$a2029829-8$2DE-600
=016  7\$a003273578$2IsJJNL
=022  \\$y0002-5100
=035  \\$a(OCoLC)51211979$z(OCoLC)782072378
=040  \\$aNTD$beng$cNTD$dOCLCQ$dOCLCS$dCIT$dQE2$dHEBIS$dOCLCQ$dOCLCF$dOCLCQ$dJ9U$dUAB$dOCLCQ$dUWO$dOCLCQ$dOCLCO$dOCL$duk
=042  \\$aukblsr
=050  14$aQD1
=082  04$a547.005$223
=130  0\$aAldrichimica acta (Online)
=245  10$aAldrichimica acta.
=260  \\$a[Milwaukee] :$bAldrich Chemical Co.
=264  31$aDarmstadt, Germany :$bMerck KGaA
=310  \\$aFrequency varies
=336  \\$atext$btxt$2rdacontent
=337  \\$acomputer$bc$2rdamedia
=338  \\$aonline resource$bcr$2rdacarrier
=362  1\$aPrint began in 1968.
=510  2\$aChemical abstracts,$x0009-2258
=546  \\$aIn English.
=588  0\$aV. 30, no. 4 (1997); title from online journal title page (viewed December 12, 2002).
=588  \\$aLatest issue consulted: volume 55, number 3 (2022) (publisher's website, viewed April 11, 2023).
=650  \0$aChemistry$vPeriodicals.
=650  \0$aChemistry.
=650  \0$aBiochemistry.
=650  \2$aChemistry.
=650  \2$aBiochemistry.
=650  \6$aChimie$vPériodiques.
=650  \6$aChimie.
=650  \6$aBiochimie.
=650  \7$achemistry.$2aat
=650  \7$abiochemistry.$2aat
=650  \7$aBiochemistry.$2fast$0(OCoLC)fst00831961
=650  \7$aChemistry.$2fast$0(OCoLC)fst00853344
=655  \2$aPeriodical.
=655  \7$aPeriodicals.$2fast$0(OCoLC)fst01411641
=776  08$iPrint version:$tAldrichimica acta$x0002-5100
=780  02$tKardinex sheets
=859  \\$aELD$bejournal
=856  40$3University of Alberta Access: 1968-$uhttp://resolver.library.ualberta.ca/resolver?ctx_enc=info:ofi/enc:UTF-8&ctx_ver=Z39.88-2004&rfr_id=info:sid/ualberta.ca:opac&rft.genre=journal&rft.object_id=954925375856&rft.issn=0002-5100&rft.eissn=&rft_val_fmt=info:ofi/fmt:kev:mtx:journal&url_ctx_fmt=info:ofi/fmt:kev:mtx:ctx&url_ver=Z39.88-2004
=856  40$uhttp://www.sigmaaldrich.com/chemistry/aldrich-chemistry/aldrichimica-acta.html
=856  40$uhttp://rzblx1.uni-regensburg.de/ezeit/warpto.phtml?colors=7&jour_id=1558
=856  4\$uhttp://www.sigmaaldrich.com/Brands/Aldrich/Aldrichimica_Acta.html$zLink no longer valid as of 4.30.2009
=856  4\$uhttp://bibpurl.oclc.org/web/25785$zPURL no longer valid as of 4.30.2009$70
=856  4\$uhttp://www.sigmaaldrich.com/suite7/Brands/Aldrich/Aldrichimica_Acta.html$zAldrichimica Acta [FREE]
=985  \\$aWFH record (CS) 2023
=CAT  \\$a8124$b40$c20230411$lBLL01$h1244
=CAT  \\$a8124$b40$c20230418$lBLL01$h1608
=CAT  \\$a8124$b40$c20230424$lBLL01$h1159
=FIN  \\$aY$d20230411
=LET  \0$aAldrichimica acta (Electronic)
=LKR  \\$aPAR$b009826960$lBLL01$r776$mAldrichimica acta (Online)$nAldrichimica acta (Print)
=SID  \\$aZ39$bOCLC
=LAS  \\$a8124$b40$c20230424$lBLL01$h1159

