=LDR  01981nas a2200433 i 4500
=001  021210026
=003  Uk
=005  20230915124534.0
=007  cr\|||||||||||
=008  230915c201u9999nikar\\\o\s\\o0\\\a0eng\\
=FMT  \\$a  SE
=040  \\$aUk$beng$cUk$erda
=042  \\$aukblsr
=082  04$a362.1209416$223
=245  00$aClinical indicators and achievement summary Northern Ireland
=246  13$aClinical and public health indicator types
=246  1\$iWebsite link title:$aQOF achievement data
=264  \1$a[Belfast] :$b[Department of Health]
=310  \\$aAnnual
=336  \\$atext$2rdacontent
=337  \\$acomputer$2rdamedia
=338  \\$aonline resource$2rdacarrier
=588  \\$aDescription based on: 2015/2016; title from PDF caption (NI Department of Health website, viewed September 15, 2023).
=588  \\$aLatest issue consulted: 2021/2022, viewed September 15, 2023.
=650  \7$aPrimary health care$xEvaluation.$2fast$0(OCoLC)fst01076346
=651  \7$aNorthern Ireland.$2fast$0(OCoLC)fst01205215
=655  \7$aStatistics.$2fast$0(OCoLC)fst01423727
=655  \7$aPeriodicals.$2fast$0(OCoLC)fst01411641
=710  1\$aNorthern Ireland.$bDepartment of Health,$eissuing body.
=787  0\$tQuality and outcomes framework
=856  4\$uhttps://www.health-ni.gov.uk/topics/doh-statistics-and-research/quality-outcomes-framework-qof$zFollow links to resource
=856  40$3Previous issues$uhttps://www.health-ni.gov.uk/publications/quality-and-outcomes-framework-qof-achievement-exception-reporting-statistics-201516-202021
=856  4\$uhttp://niopa.qub.ac.uk/handle/NIOPA/16066
=859  \\$aELD$bejournal
=CAT  \\$a8483$b40$c20230915$lBLL01$h1245
=FIN  \\$aY$d20230915
=LET  \0$aClinical indicators and achievement summary Northern Ireland (Electronic)
=LKR  \\$aPAR$b021183704$lBLL01$r787$mClinical indicators and achievement summary Northern Ireland$nQuality and outcomes framework.
=LAS  \\$a8483$b40$c20230915$lBLL01$h1245

