=LDR  02128nas a2200481 i 4500
=001  021155927
=003  Uk
=005  20230801115658.0
=007  cr\|||||||||||
=008  230801d20uu2021enkqr\p\o\s\\o0\\\a0eng\\
=FMT  \\$a  SE
=040  \\$aUk$beng$cUk$erda
=042  \\$aukblsr
=082  04$a384.043$223
=245  00$aTelecoms and pay-TV complaints.
=264  \1$a[London] :$aOfcom
=300  \\$billustrations (colour)
=310  \\$aQuarterly
=336  \\$atext$2rdacontent
=337  \\$acomputer$2rdamedia
=338  \\$aonline resource$2rdacarrier
=362  0\$a-2021, Q4 (October to December).
=580  \\$aContinued by HTML webpage entitled: Report : complaints about broadband, landline, mobile and pay-TV services.
=588  \\$aDescription based on: 2017, Q4 (October to December); title from PDF cover (Ofcom's website, viewed August 1, 2023).
=588  \\$aLatest issue consulted: 2021, Q4 (October to December), viewed August 1, 2023.
=650  \7$aConsumer complaints.$2fast$0(OCoLC)fst00876254
=650  \7$aTelecommunication.$2fast$0(OCoLC)fst01145830
=650  \7$aTelevision broadcasting.$2fast$0(OCoLC)fst01146714
=651  \7$aGreat Britain.$2fast$0(OCoLC)fst01204623
=655  \7$aStatistics.$2fast$0(OCoLC)fst01423727
=655  \7$aPeriodicals.$2fast$0(OCoLC)fst01411641
=710  1\$aGreat Britain.$bOffice of Communications,$eissuing body.
=785  10$tReport : complaints about broadband, landline, mobile and pay-TV services
=856  4\$uhttps://www.ofcom.org.uk/phones-telecoms-and-internet/advice-for-consumers/telecoms-and-pay-tv-complaints
=856  4\$3Archived issues:$uhttps://webarchive.nationalarchives.gov.uk/ukgwa/20210604231753/https://www.ofcom.org.uk/research-and-data/multi-sector-research/telecoms-complaints-data
=859  \\$aELD$bejournal
=CAT  \\$a8483$b40$c20230801$lBLL01$h1151
=CAT  \\$a8483$b40$c20230801$lBLL01$h1154
=CAT  \\$a8483$b40$c20230801$lBLL01$h1154
=CAT  \\$a8483$b40$c20230801$lBLL01$h1156
=FIN  \\$aY$d20230801
=LET  \0$aTelecoms and pay-TV complaints (Electronic)
=LAS  \\$a8483$b40$c20230801$lBLL01$h1156

