=LDR  01959nas a2200457 i 4500
=001  021246775
=003  Uk
=005  20231011110825.0
=006  m\\\\\|\\d\|\\\\\\
=007  cr\|||||||||||
=008  231011c20159999enkar\\\o\\\\\0\\\a0eng\\
=FMT  \\$a  SE
=040  \\$aUk$beng$cUk$erda
=042  \\$aissnuk$aukblsr
=082  04$a384.33$223
=245  00$aUK home broadband performance :$bthe performance of fixed-line broadband delivered to UK residential consumers.
=246  3\$aUnited Kingdom home broadband performance
=264  \1$a[London] :$bOfcom,$c2016-
=300  \\$billustrations (colour)
=310  \\$aAnnual
=336  \\$atext$2rdacontent
=337  \\$acomputer$2rdamedia
=338  \\$aonline resource$2rdacarrier
=362  0\$aNovember 2015-
=500  \\$aTitle from PDF cover (The National Archives, viewed October 11, 2023).
=500  \\$aAccompanied online by statistical spreadsheets and Technical annexes.
=588  \\$aLatest issue consulted: March 2023, published 14 September 2022 (viewed October 11, 2023).
=650  \7$aBroadband communication systems.$2fast$0(OCoLC)fst00839147
=650  \7$aEvaluation.$2fast$0(OCoLC)fst00916975
=655  \7$aPeriodicals.$2fast$0(OCoLC)fst01411641
=655  \7$aStatistics.$2fast$0(OCoLC)fst01423727
=651  \7$aGreat Britain.$2fast$0(OCoLC)fst01204623
=710  1\$aGreat Britain.$bOffice of Communications,$eissuing body.
=780  00$tUK fixed-line broadband performance
=856  4\$uhttps://www.ofcom.org.uk/research-and-data/telecoms-research/broadband-research/broadband-speeds
=856  4\$3Archived content :$uhttps://webarchive.nationalarchives.gov.uk/ukgwa/20190102151513/https:/www.ofcom.org.uk/research-and-data/telecoms-research/broadband-research/broadband-speeds
=859  \\$aELD$bejournal
=CAT  \\$a8483$b40$c20231011$lBLL01$h1106
=CAT  \\$a8483$b40$c20231011$lBLL01$h1108
=FIN  \\$aY$d20231011
=LAS  \\$a8483$b40$c20231011$lBLL01$h1108

