=LDR  04454cas a2201093 a 4500
=001  016207786
=003  Uk
=005  20230930081019.0
=006  m\\\\\o\\d\\\\\\\\
=007  cr||||||||||||
=008  100517d19762012enkfr\\\o\\\\\1\\\a0eng\d
=FMT  \\$a  SE
=015  \\$aGBB349153$2bnb
=022  0\$a2051-6150$y0193-7774$202
=035  \\$a(OCoLC)617069410
=037  \\$aISSN_01937774$bPortico$nManey Publishing
=037  3\$aISSN_01937774_21$bPortico$nTaylor & Francis
=040  \\$aOCLCE$beng$cOCLCE$dDLC$dUk
=041  0\$aeng$achi
=042  \\$aukblsr$aissnuk
=043  \\$aa-cc---
=050  \4$aPL2253$b.C65
=082  04$a792$223
=111  2\$aConference on Chinese Oral and Performing Literature.
=210  0\$aCHINOPERL pap.$b(Online)
=222  \0$aCHINOPERL papers$b(Online)
=245  10$aCHINOPERL papers$h[electronic resource].
=246  3\$aChinese Oral and Performing Literature papers
=246  14$aZhongguo yan chang wen yi yan jiu hui lun ji
=260  \\$aIthaca, N.Y. :$bChina-Japan Program, Cornell University,$c[1976?]-2012.
=300  \\$av. :$bill. ;$c26-28 cm.
=310  \\$aFrequency varies,$b1976-2012
=336  \\$atext$2rdacontent
=337  \\$acomputer$2rdamedia
=338  \\$aonline resource$2rdacarrier
=362  0\$aNo. 6 (1976)-no. 31 (2012).
=546  \\$aChiefly English; some Chinese.
=588  \\$aDescription based on print version record.
=540  \\$aCurrent copyright fee: GBP37.00$c2\0$5Uk
=650  \0$aChinese drama$vCongresses.
=650  \0$aTheater$zChina$vCongresses.
=650  \0$aFolk literature, Chinese$vCongresses.
=650  \0$aChinese drama$vPeriodicals.
=650  \0$aTheater$zChina$vPeriodicals.
=650  \0$aFolk literature, Chinese$vPeriodicals.
=710  2\$aCornell University.$bChina-Japan Program.
=776  08$iAlso issued in print as:$aConference on Chinese Oral and Performing Literature$tCHINOPERL papers$x0193-7774
=780  00$tCHINOPERL news
=785  00$tCHINOPERL$c(Online)$x2835-3188
=859  \\$aELD$bejournal
=856  40$3HathiTrust Digital Library Limited view (search only)$uhttp://catalog.hathitrust.org/api/volumes/oclc/3400918.html
=945  \\$aCHINOPERL papers
=979  \\$aBritish Library$bDSC$j3181.123550N
=CAT  \\$a11316$b40$c20121108$lBLL01$h1512
=CAT  \\$aWR13.114$c20130717$lBLL01$h1315
=CAT  \\$aBATCH-PORT$c20130829$lBLL01$h1113
=CAT  \\$aWR14_009$c20140204$lBLL01$h2349
=CAT  \\$aBLDSS-3PM$b00$c20141208$lBLL01$h1628
=CAT  \\$a10983$b40$c20151114$lBLL01$h0911
=CAT  \\$aBATCH-UPD$b40$c20151119$lBLL01$h1603
=CAT  \\$aIPL-CLA$c20151231$lBLL01$h1934
=CAT  \\$a14448$b40$c20160205$lBLL01$h1111
=CAT  \\$aBATCH-UPD$b40$c20160413$lBLL01$h1826
=CAT  \\$a11433$b40$c20160415$lBLL01$h1407
=CAT  \\$aBATCH-UPD$b40$c20160809$lBLL01$h1135
=CAT  \\$aBATCH-UPD$b40$c20161122$lBLL01$h1543
=CAT  \\$aIPL-CLA$c20161231$lBLL01$h0007
=CAT  \\$aW1711-1005$c20171206$lBLL01$h1825
=CAT  \\$a5552$b40$c20190111$lBLL01$h1349
=CAT  \\$aBATCH-UPD$b40$c20191122$lBLL01$h1921
=CAT  \\$aIPL-CLA$c20191231$lBLL01$h2033
=CAT  \\$aBATCH-UPD$b00$c20201118$lBLL01$h1355
=CAT  \\$aIPL-CLA$c20201231$lBLL01$h1532
=CAT  \\$aBATCH-UPD$b00$c20221121$lBLL01$h1430
=CAT  \\$a11313$b40$c20221215$lBLL01$h1438
=CAT  \\$a11313$b40$c20221216$lBLL01$h0943
=CAT  \\$aIPL-CLA$c20221231$lBLL01$h1451
=CAT  \\$aR2308-1440$c20230824$lBLL01$h0930
=CAT  \\$aIPL-CLA$c20230930$lBLL01$h0810
=CFI  0\$aCurrent copyright fee: GBP37.00$c2\0$e01-oct-2023$fGBP37.00$g0$hP$5Uk
=CFI  2\$aPrevious copyright fee: GBP37.00$c47\0$e01-jan-2023$fGBP37.00$g0$hP$5Uk
=FFP  \\$aY$bBLDSS-3PM
=FIN  \\$aY$d20130520
=LET  \0$aCHINOPERL (Electronic)
=MNI  \\$a0193-7774
=SID  \\$aZ39$bOCLC
=TOC  \\$aETOC
=ACF  \\$aPrevious copyright fee: GBP25.00$c47\0$e08-jan-2013$fGBP25.00$g0$hP$5Uk
=ACF  \\$aPrevious copyright fee: GBP28.00$c47\0$e01-jan-2017$fGBP28.00$g0$hP$5Uk
=ACF  \\$aPrevious copyright fee: GBP26.00$c47\0$e01-jan-2016$fGBP26.00$g0$hP$5Uk
=ACF  \\$aPrevious copyright fee: GBP32.00$c47\0$e11-jan-2019$fGBP32.00$g0$hP$5Uk
=ACF  \\$aPrevious copyright fee: GBP34.00$c47\0$e01-jan-2020$fGBP34.00$g0$hP$5Uk
=ACF  \\$aPrevious copyright fee: GBP35.00$c47\0$e01-jan-2021$fGBP35.00$g0$hP$5Uk
=LAS  \\$aIPL-CLA$b00$c20230930$lBLL01$h0810

