=LDR  02600cas a2200565 i 4500
=001  021174879
=003  Uk
=005  20230817155557.0
=006  m\\\\\|\\d\|\\\\\\
=007  cr\|||||||||||
=008  230815c20109999nikqr\\\o\s\\o0\\\a0eng\\
=FMT  \\$a  SE
=015  \\$aGBC3F3411$2bnb
=040  \\$aUk$beng$cUk$erda
=042  \\$aukblsr
=082  04$a362.196994009416021$223
=245  00$aNorthern Ireland waiting time statistics.$pCancer waiting times.
=246  30$aCancer waiting times.
=264  \1$aBelfast :$bHospital Information Branch, Department of Health, Social Services & Public Safety
=264  31$32017-$aBelfast :$bInformation Analysis Directorate
=300  \\$aillustrations (colour)
=336  \\$atext$2rdacontent
=337  \\$acomputer$2rdamedia
=338  \\$aonline resource$2rdacarrier
=500  \\$aA National Statistics publication.
=580  \\$aPrint version continues: Northern Ireland cancer waiting times.
=588  \\$aDescription based on: Print version record.
=588  \\$aLatest issue consulted: October/December 2021 (niopa.qub.ac.uk, viewed August 15, 2023).
=650  \7$aCancer$xTreatment.$2fast$0(OCoLC)fst00845538
=650  \7$aHospitals$xWaiting lists.$2fast$0(OCoLC)fst00961575
=651  \7$aNorthern Ireland.$2fast$0(OCoLC)fst01205215
=655  \7$aStatistics.$2fast$0(OCoLC)fst01423727
=655  \7$aPeriodicals.$2fast$0(OCoLC)fst01411641
=690  7\$aSocial Welfare$2blcoll
=710  1\$aNorthern Ireland.$bDepartment of Health.$bInformation and Analysis Directorate,$eissuing body.
=710  1\$3-2015:$aNorthern Ireland.$bDepartment of Health, Social Services, and Public Safety.$eissuing body.
=776  08$iPrint version -2015:$tNorthern Ireland waiting time statistics. Cancer waiting times
=856  40$32016-$uhttp://niopa.qub.ac.uk/handle/NIOPA/16025
=856  3\$32015 issues:$uhttp://niopa.qub.ac.uk/handle/NIOPA/16024
=859  \\$aELD$bejournal
=985  \\$aNo single webpage for non-NIOPA version, and 2022 and 2023 are HTML only
=985  \\$aWFH record (CS) 2023
=CAT  \\$a8124$b40$c20230815$lBLL01$h0834
=CAT  \\$a8124$b40$c20230815$lBLL01$h0837
=CAT  \\$a8124$b40$c20230815$lBLL01$h0942
=CAT  \\$a8124$b40$c20230817$lBLL01$h1555
=FIN  \\$aY$d20230815
=LET  \0$aNorthern Ireland waiting time statistics. Cancer waiting times (Electronic)
=LKR  \\$aPAR$b015886290$lBLL01$r776$mNorthern Ireland waiting time statistics. Cancer waiting times (Online)$nNorthern Ireland waiting time statistics. Cancer waiting times (Print)
=LAS  \\$a8124$b40$c20230817$lBLL01$h1555

