=LDR  01986 as a2200529 a 4500
=001  013388224
=003  Uk
=005  20130503094755.0
=006  m\\\\\\\\d\|\\\\\\
=007  cr||||||||||||
=008  060126c200u9999xr\qr\p\s\\\\\0\\\a0eng\\
=FMT  \\$a  SE
=015  \\$aGBA658655$2bnb
=040  \\$aUk$beng$cUk
=042  \\$aukblsr
=082  04$a333.33875094370305$222
=245  00$aMarket view$pM2 big box CR$h[electronic resource] :$bindustrial market report/$cCB Richard Ellis.
=246  30$aM2 big box CR
=260  \\$aCzechoslovakia ;$a[Great Britain] :$bCB Richard Ellis
=336  \\$atext$2rdacontent
=337  \\$acomputer$2rdamedia
=338  \\$aonline resource$2rdacarrier
=538  \\$aMode of access: email.
=538  \\$aSystem requirements: Adobe Acrobat Reader.
=500  \\$aTitle from caption.
=516  \\$aPDF format.
=500  \\$aDescription based on: 2005, Q3.
=530  \\$aCurrent issue available on World Wide Web (as viewed on 6th June 2006).
=650  \0$aIndustrial real estate$xCzechoslovakia$vPeriodicals.
=650  \0$aIndustrial real estate$xEconomic aspects$zCzechoslovakia$vPeriodicals.
=690  7\$aManagement and Business Studies$2blcoll
=710  2\$aCB Richard Ellis.
=856  40$uhttp://www.cbre.com/Global/Research/Market+Reports/Local+Reports+Worldwide.htm$zTo view current report; follow links to resource
=859  \\$aELD$bejournal
=CAT  \\$a7750$b40$c20060126$lBLL01$h1158
=CAT  \\$a7750$b40$c20060126$lBLL01$h1159
=CAT  \\$a3072$b40$c20060706$lBLL01$h1619
=CAT  \\$a3072$b40$c20061128$lBLL01$h1614
=CAT  \\$aBATCH$b00$c20081124$lBLL01$h1132
=CAT  \\$a6790$b40$c20130503$lBLL01$h0947
=CAT  \\$aBATCH-MBS$c20130510$lBLL01$h2126
=CAT  \\$aWR13.114$c20130717$lBLL01$h1313
=CAT  \\$aBATCH-UPD$b00$c20150509$lBLL01$h1451
=CAT  \\$aW1711-1005$c20171206$lBLL01$h1819
=FIN  \\$aY$d20061128
=TCO  \\$aXXX$c008
=LAS  \\$aW1711-1005$b00$c20171206$lBLL01$h1819

