=LDR  01729cas a2200517 a 4500
=001  013560883
=003  Uk
=005  20130516110206.0
=006  m\\\\\\\\d\|\\\\\\
=007  cr||||||||||||
=008  060925c200u9999ie\br\p\s\\\\\0\\\a0eng\\
=FMT  \\$a  SE
=015  \\$aGBA6A1334$2bnb
=040  \\$aUk$beng$cUk
=042  \\$aukblsr
=082  04$a941.50824$222
=130  0\$aInside Ireland (Online)
=245  10$aInside Ireland$h[electronic resource].
=260  \\$aDublin :$bInside Ireland
=310  \\$aEvery 2 months.
=336  \\$atext$2rdacontent
=337  \\$acomputer$2rdamedia
=338  \\$aonline resource$2rdacarrier
=538  \\$aMode of access: email.
=538  \\$aSystem requirements: Adobe Acrobat Reader.
=580  \\$aContinues print publication.
=500  \\$aTitle from caption.
=500  \\$aDescription based on: July 2006.
=651  \0$aIreland$xSocial life and customs$vPeriodicals.
=780  10$tInside Ireland$x0332-2483
=856  40$uhttp://www.insideireland.com/subscribe_new.htm$zTo subscribe
=859  \\$aELD$bejournal
=CAT  \\$a7750$b40$c20060925$lBLL01$h1049
=CAT  \\$a7750$b40$c20060925$lBLL01$h1102
=CAT  \\$a3072$b40$c20061130$lBLL01$h1708
=CAT  \\$a3072$b40$c20061204$lBLL01$h1410
=CAT  \\$a3072$b40$c20061204$lBLL01$h1412
=CAT  \\$a7750$b40$c20090717$lBLL01$h1024
=CAT  \\$a10902$b40$c20130516$lBLL01$h1102
=CAT  \\$aWR13.114$c20130717$lBLL01$h1313
=CAT  \\$aWR14_140$c20140905$lBLL01$h1813
=CAT  \\$aW1711-1005$c20171206$lBLL01$h1819
=FIN  \\$aY$d20061130
=LKR  \\$aPAR$b011186921$lBLL01$r78010$mInside Ireland$nInside Ireland
=TCO  \\$aIRL$bICLA$c008
=LAS  \\$aW1711-1005$b00$c20171206$lBLL01$h1819

