=LDR  01514cas a2200421 i 4500
=001  020057882
=003  Uk
=005  20221011152237.0
=006  m\\\\\|\\d\|\\\\\\
=007  cr\|||||||||||
=008  210106d20212021stktr\p\o\\\\\0\\\a0eng\\
=FMT  \\$a  SE
=040  \\$aUk$beng$cUk$dUk$erda
=042  \\$aukblsr
=082  04$a372.350440941105$223
=245  04$aThe Association for Science Education in Scotland /$cASE.
=264  \1$a[Scotland] :$b[ASE Scotland],$c2021.
=300  \\$billustrations (colour)
=310  \\$aThree times a year
=336  \\$atext$2rdacontent
=337  \\$acomputer$2rdamedia
=338  \\$aonline resource$2rdacarrier
=362  0\$aNo. 1 (January 2021)-no. 4 (October 2021).
=500  \\$aTitle from PDF caption (publisher's website, viewed January 6, 2021).
=610  20$aASE Scotland$vPeriodicals.
=650  \0$aScience$xStudy and teaching (Primary)$zScotland$vPeriodicals.
=650  \0$aScience$xStudy and teaching (Secondary)$zScotland$vPeriodicals.
=710  2\$aASE Scotland,$eissuing body.
=856  4\$uhttps://www.ase.org.uk/$zFollow links to resource
=859  \\$aELD$bejournal
=985  \\$aWFH record (CS), January 2021
=CAT  \\$a8124$b40$c20210106$lBLL01$h1526
=CAT  \\$a8124$b40$c20210106$lBLL01$h1537
=CAT  \\$a8871$b40$c20210108$lBLL01$h1702
=CAT  \\$a8124$b40$c20221011$lBLL01$h1522
=FIN  \\$aY$d20210106
=LET  \4$aThe Association for Science Education in Scotland (Electronic)
=LAS  \\$a8124$b40$c20221011$lBLL01$h1522

