=LDR  01847 as a2200469 i 4500
=001  020184179
=003  Uk
=005  20210510104124.0
=006  m\\\\\|\\d\|\\\\\\
=007  cr\|||||||||||
=008  210506c201u9999ie\mr\\\o\\\\\0\\\a0eng\\
=FMT  \\$a  SE
=040  \\$aUk$beng$cUk$erda
=042  \\$aukblsr
=082  04$a338.470009417021$223
=245  00$aAIB Ireland Services PMI.
=246  3\$aAllied Irish Banks services Purchasing Managers' Index
=246  30$aIreland services PMI
=246  1\$iWeb link title:$aAIB Ireland PMIs
=264  \1$a[Dublin] :$bAIB Ireland
=300  \\$billustrations (colour), maps (colour)
=310  \\$aMonthly
=336  \\$atext$2rdacontent
=337  \\$acomputer$2rdamedia
=338  \\$aonline resource$2rdacarrier
=515  \\$aIssue dates are "embargoed until" dates (accessed via web link of a week earlier).
=588  \\$aDescription based on: May 2019 issue; title from PDF caption (publisher's Web site, viewed May 6, 2021).
=588  \\$aLatest issue consulted: May 2021 (viewed May 6, 2021).
=650  \0$aService industries$zIreland$vStatistics$vPeriodicals.
=710  2\$aAIB Group,$eissuing body.
=780  00$tIHS Markit Ireland services PMI
=856  4\$uhttps://aib.ie/fxcentre/resource-centre/aib-ireland-pmis$zTo subscribe
=856  4\$uhttps://aib.ie/fxcentre/resource-centre/aib-ireland-pmis$zFollow links for archive issues
=859  \\$aELD$bejournal
=CAT  \\$a3072$b40$c20210506$lBLL01$h1239
=CAT  \\$a3072$b40$c20210506$lBLL01$h1240
=CAT  \\$a3072$b40$c20210510$lBLL01$h1013
=CAT  \\$a3072$b40$c20210510$lBLL01$h1041
=FIN  \\$aY$d20210510
=LET  \0$aAIB Ireland Services PMI (Electronic)
=LKR  \\$aPAR$b019130744$lBLL01$nIHS Markit Ireland services PMI$mAIB Ireland Services PMI$r78000
=LAS  \\$a3072$b40$c20210510$lBLL01$h1041

