=LDR  02281cas a2200577 i 4500
=001  018633868
=003  Uk
=005  20221215111034.0
=006  m\\\\\|\\d\|\\\\\\
=007  cr\|||||||||||
=008  171205c201u9999enkqr\p\o\\\\\0\\\a0eng\\
=FMT  \\$a  SE
=040  \\$aUk$beng$cUk$dUk$erda
=042  \\$aukblsr
=082  04$a362.196858820094281$223
=245  00$aLeeds Autism AIM news :$bthe monthly newsletter for Leeds Autism AIM /$cLeeds Autism AIM.
=246  30$aAIM news
=246  3\$aLeeds Autism Advocacy, Information, Mentoring news
=264  \1$aLeeds :$bLeeds Autism AIM,$c[2014?]-
=300  \\$billustrations (colour)
=310  \\$aQuarterly,$bautumn 2016-
=321  \\$aBimonthly,$bJanuary 2016-July 2016
=321  \\$aMonthly,$b-November 2015
=336  \\$atext$2rdacontent
=337  \\$acomputer$2rdamedia
=338  \\$aonline resource$2rdacarrier
=500  \\$aSubtitle varies.
=500  \\$a"Leeds Autism AIM is part of Advonet" - foot of PDF front page.
=500  \\$aFrom January 2020, no longer in PDF format.
=588  \\$aDescription based on: April 2015 issue ; title from PDF caption (Publisher's Web site, viewed December 5, 2017).
=588  \\$aLatest issue consulted: December 2022 (viewed December 15, 2022).
=610  20$aLeeds Autism AIM (Organisation)$vPeriodicals.
=650  \0$aAutistic people$zEngland$zLeeds$vPeriodicals.
=650  \0$aAutistic people$xServices for$zEngland$zLeeds$vPeriodicals.
=690  7\$aSocial Welfare$2blcoll
=710  2\$aLeeds Autism AIM (Organisation),$eissuing body.
=710  2\$aAdvonet (Organisation)
=856  4\$uhttp://leedsautismaim.org.uk/$zFollow links to resource
=859  \\$aELD$bejournal
=985  \\$aFrom Jan 2020 a "Mailchimp" file - emailed out? CS 15/12/22
=CAT  \\$a8124$b40$c20171205$lBLL01$h1554
=CAT  \\$aBATCH-SWP$c20171215$lBLL01$h2215
=CAT  \\$a8483$b40$c20180820$lBLL01$h1031
=CAT  \\$a8483$b40$c20180820$lBLL01$h1034
=CAT  \\$a8483$b40$c20180820$lBLL01$h1035
=CAT  \\$a11315$b40$c20180824$lBLL01$h0946
=CAT  \\$aBATCH-UPD$b40$c20180824$lBLL01$h0947
=CAT  \\$a8124$b40$c20221215$lBLL01$h1110
=FIN  \\$aY$d20171205
=LET  \0$aLeeds Autism AIM news (Electronic)
=LAS  \\$a8124$b40$c20221215$lBLL01$h1110

