=LDR  01955 as a2200553 i 4500
=001  019812624
=003  Uk
=005  20200625104153.0
=006  m\\\\\|\\d\|\\\\\\
=007  cr\|||||||||||
=008  200617c20189999enkmn\p\o\\\\\0\\\a0eng\\
=FMT  \\$a  SE
=015  \\$aGBC073432$2bnb
=022  0\$a2634-9019$202
=040  \\$aUk$beng$cUk$erda
=042  \\$aukblsr$aissnuk
=082  04$a338.47669$223
=222  \0$aMetal market magazine$b(Online)
=245  00$aMetal market magazine.
=246  30$aMetal market
=264  \1$aLondon :$bFastmarkets,$c2018-
=300  \\$billustrations (colour)
=310  \\$aMonthly (July/Aug. and Nov./Dec. combined)
=336  \\$atext$2rdacontent
=337  \\$acomputer$2rdamedia
=338  \\$aonline resource$2rdacarrier
=362  0\$aFebruary 2018-
=500  \\$aTitle from PDF cover (publisher's website, viewed June 17, 2020).
=588  \\$aLatest issue consulted: May 2020 (viewed June 17, 2020).
=650  \0$aMetal trade$vPeriodicals.
=650  \0$aMetal trade$zUnited States$vPeriodicals.
=650  \0$aIron industry and trade$vPeriodicals.
=650  \0$aSteel industry and trade$vPeriodicals.
=650  \0$aNonferrous metal industries$vPeriodicals.
=690  7\$aManagement and Business Studies$2blcoll
=780  00$tAmerican metal market
=776  08$iAlso issued in print as:$tMetal market magazine$x2516-8223
=856  4\$uhttps://www.amm.com/$zTo search
=859  \\$aELD$bejournal
=985  \\$aPrev. title = US publication, no ISSN
=985  \\$aCatalogued via VPN, June 2020
=CAT  \\$a8124$b40$c20200617$lBLL01$h1534
=CAT  \\$a8124$b40$c20200618$lBLL01$h1241
=CAT  \\$a10806$b40$c20200625$lBLL01$h1041
=FIN  \\$aY$d20200617
=LET  \0$aMetal market magazine (Electronic)
=LKR  \\$aPAR$b018833838$lBLL01$r776$mMetal market magazine (Online)$nMetal market magazine (Print)
=MNI  \\$a2516-8223
=LAS  \\$a10806$b40$c20200625$lBLL01$h1041

