=LDR  02466 as a2200601 i 4500
=001  019813265
=003  Uk
=005  20200713063526.0
=006  m\\\\\|\\d\|\\\\\\
=007  cr\|||||||||||
=008  200618c20009999enkdr\p\o\\\\\0\\\a0eng\\
=FMT  \\$a  SE
=015  \\$aGBC073437$2bnb
=022  \\$a2634-9027$202
=040  \\$aUk$beng$cUk$erda
=042  \\$aukblsr$aissnuk
=082  04$a368.94105$223
=222  \0$aInsurance insider$b(Online)
=245  00$aInsurance insider.
=260  \\$aLondon :$bHastie,$c2000-
=264  31$aLondon :$bInsider Publishing Ltd
=300  \\$billustrations (colour)
=310  \\$aDaily,$bFebruary 2010-
=321  \\$aWeekly,$bJune 2003-January 2020
=321  \\$aMonthly,$b-May 2003
=336  \\$atext$2rdacontent
=337  \\$acomputer$2rdamedia
=338  \\$aonline resource$2rdacarrier
=362  1\$aPrint began with issue 29 in June 2000.
=515  \\$aNumbering diverges from print as issues become more frequent in June 2003.
=500  \\$aPrint continues: London insurance insider.
=588  \\$aDescription based on: Print version record.
=588  \\$aLatest issue consulted: issue 792 (28 January 2020).
=610  20$aLloyd's of London$vPeriodicals.
=650  \0$aInsurance$zGreat Britain$vPeriodicals.
=650  \0$aInsurance$vPeriodicals.
=650  \0$aReinsurance$vPeriodicals.
=650  \0$aReinsurance$zGreat Britain$vPeriodicals.
=690  7\$aManagement and Business Studies$2blcoll
=776  08$iPrint version -March 2018:$tInsurance insider$x1472-2526
=856  4\$uhttps://insuranceinsider.com/$zTo subscribe
=859  \\$aELD$bejournal
=985  \\$aNot quite equivalent to print. Print is monthly, electronic begins monthly and gets more frequent weekly, then daily. Also hard to treat as entirely separate and would require AAP - can't qualify by frequency or format, so sticking with 776 as seems to be seen as print companion
=985  \\$aViewed as supplied PDFs only. Issue dates visible in archive but behind subscription paywall
=985  \\$aCatalogued via VPN, June 2020
=CAT  \\$a8124$b40$c20200618$lBLL01$h1024
=CAT  \\$a8124$b40$c20200618$lBLL01$h1202
=CAT  \\$a10973$b40$c20200713$lBLL01$h0635
=FIN  \\$aY$d20200618
=LET  \4$aThe insurance insider (Electronic)
=LKR  \\$aPAR$b007892977$lBLL01$r776$mInsurance insider (Online)$nInsurance insider (Print)
=MNI  \\$a1472-2526
=LAS  \\$a10973$b40$c20200713$lBLL01$h0635

