=LDR  01983 as a2200505 i 4500
=001  019817165
=003  Uk
=005  20200702110405.0
=006  m\\\\\|\\d\|\\\\\\
=007  cr\|||||||||||
=008  200622d201u2015enkar\\\o\s\\o0\\\a0eng\\
=FMT  \\$a  SE
=015  \\$aGBC073453$2bnb
=040  \\$aUk$beng$cUk$erda
=042  \\$aukblsr
=082  04$a333.33830941021$223
=245  00$aAnnual UK property transaction statistics /$cHM Revenue & Customs.
=264  \1$aLondon :$bKAI Indirect Taxes, HM Revenue & Customs,$c-2015.
=300  \\$billustrations (colour)
=310  \\$aAnnual
=336  \\$atext$2rdacontent
=337  \\$acomputer$2rdamedia
=338  \\$aonline resource$2rdacarrier
=362  0\$a-2015.
=500  \\$aA National Statistics publication.
=500  \\$aAccompanied on website by Excel tables.
=588  \\$aDescription based on: 2013 issue.
=588  \\$aLatest issue consulted: 2015 (GOV.UK, viewed June 22, 2020).
=650  \0$aReal estate business$zGreat Britain$vStatistics$vPeriodicals.
=650  \0$aReal estate sales tax |$zGreat Britain$vStatistics$vPeriodicals.
=690  7\$aManagement and Business Studies$2blcol
=710  1\$aGreat Britain.$bHM Revenue & Customs,$eissuing body.
=787  0\$tUK property transaction statistics
=856  4\$uhttps://www.gov.uk/government/collections/property-transactions-in-the-uk$zFollow links to resource
=859  \\$aELD$bejournal
=985  \\$aCatalogued via VPN, June 2020
=985  \\$a2013 viewed as supplied pdf only
=CAT  \\$a8124$b40$c20200622$lBLL01$h1500
=CAT  \\$a8124$b40$c20200622$lBLL01$h1501
=CAT  \\$a8124$b40$c20200622$lBLL01$h1502
=CAT  \\$a8124$b40$c20200702$lBLL01$h1104
=FIN  \\$aY$d20200622
=LET  \0$aAnnual UK property transaction statistics (Electronic)
=LKR  \\$aPAR$b018241556$lBLL01$r787$mAnnual UK property transaction statistics$nUK property transaction statistics (Monthly)
=LAS  \\$a8124$b40$c20200702$lBLL01$h1104

