=LDR  01622cas a2200457 i 4500
=001  019843302
=003  Uk
=005  20230313092734.0
=006  m\\\\\|\\d\|\\\\\\
=007  cr\|||||||||||
=008  200715c20209999enkmr\p\o\\\\\0\\\a0eng\\
=FMT  \\$a  SE
=040  \\$aUk$beng$cUk$dUk$erda
=042  \\$aukblsr
=082  04$a333.79094105$223
=245  00$aEnergy: net zero /$cCornwall Insight, Pixie Energy.
=264  \1$a[Norwich] :$bCornwall Insight
=300  \\$billustrations (colour), maps (colour)
=310  \\$aMonthly
=336  \\$atext$2rdacontent
=337  \\$acomputer$2rdamedia
=338  \\$aonline resource$2rdacarrier
=362  1\$aBegan with issue 27 (2020).
=588  \\$aDescription based on: issue 30 (June 2020); title from PDF caption.
=650  \0$aEnergy industries$zGreat Britain$vPeriodicals.
=650  \0$aEnergy policy$zGreat Britain$vPeriodicals.
=650  \0$aMarket surveys$zGreat Britain$vPeriodicals.
=710  2\$aCornwall Insight (Firm),$eissuing body.
=710  2\$aPixie Energy (Firm),$eissuing body.
=770  0\$tWeekly energy net zero
=780  00$tEnergy 2030
=856  4\$uhttps://www.cornwall-insight.com/publications/energy-net-zero$zTo subscribe
=859  \\$aELD$bejournal
=CAT  \\$a8483$b40$c20200715$lBLL01$h1240
=CAT  \\$a8483$b40$c20200715$lBLL01$h1242
=CAT  \\$a8124$b40$c20230214$lBLL01$h1300
=CAT  \\$a8250$b40$c20230313$lBLL01$h0927
=FIN  \\$aY$d20200715
=LET  \0$aEnergy: Net zero (Electronic)
=LKR  \\$aPAR$b019018044$lBLL01$r78000$mEnergy: Net zero /$nEnergy 2030 /
=LAS  \\$a8250$b40$c20230313$lBLL01$h0927

