=LDR  01619 as a2200493 i 4500
=001  019843312
=003  Uk
=005  20200715163548.0
=006  m\\\\\|\\d\|\\\\\\
=007  cr\|||||||||||
=008  200715c20209999enkwr\p\o\\\\\0\\\a0eng\\
=FMT  \\$a  SE
=015  \\$aGBC086057$2bnb
=022  \\$a2634-9086$202
=040  \\$aUk$beng$cUk$erda
=042  \\$aukblsr$aissnuk
=082  04$a368.0122$223
=222  \0$aTrading risk. Weekly briefing
=245  00$aTrading risk.$pWeekly briefing.
=246  30$aWeekly briefing
=264  \1$a[London] :$b[Euromoney Institutional Investor]
=310  \\$aWeekly
=336  \\$atext$2rdacontent
=337  \\$acomputer$2rdamedia
=338  \\$aonline resource$2rdacarrier
=362  0\$a10.2.2020-
=500  \\$aTitle from PDF caption.
=538  \\$aMode of access: email.
=588  \\$aLatest issue consulted: 14.04.2020 (viewed July 15, 2020).
=650  \0$aReinsurance$vPeriodicals.
=690  7\$aManagement and Business Studies$2blcoll
=780  00$tTrading risk$x1756-7858
=787  0\$tTrading risk. ILS investor guide
=856  4\$uhttps://www.trading-risk.com/$zTo subscribe
=859  \\$aELD$bejournal
=985  \\$aViewed as supplied PDF only
=985  \\$aCatalogued via VPN, July 2020
=CAT  \\$a8124$b40$c20200715$lBLL01$h1537
=CAT  \\$a8124$b40$c20200715$lBLL01$h1547
=CAT  \\$a8124$b40$c20200715$lBLL01$h1635
=FIN  \\$aY$d20200715
=LET  \0$aTrading risk. Weekly briefing (Electronic)
=LKR  \\$aPAR$b014502354$lBLL01$r78000$mTrading risk. Weekly briefing$nTrading risk
=LAS  \\$a8124$b40$c20200715$lBLL01$h1635

