=LDR  01490 as a2200445 i 4500
=001  019843315
=003  Uk
=005  20200715163945.0
=006  m\\\\\|\\d\|\\\\\\
=007  cr\|||||||||||
=008  200715d20172017enkfr\p\o\\\\\0\\\a0eng\\
=FMT  \\$a  SE
=015  \\$aGBC086059$2bnb
=040  \\$aUk$beng$cUk$erda
=042  \\$aukblsr
=082  04$a332.632$223
=245  00$aTrading risk. Investor guide.
=264  \1$aLondon :$bEuromoney Trading Ltd,$c2017.
=300  \\$billustrations (colour)
=310  \\$aSemiannual
=336  \\$atext$2rdacontent
=337  \\$acomputer$2rdamedia
=338  \\$aonline resource$2rdacarrier
=362  0\$a2017/H1-2017/H2.
=500  \\$aTitle from PDF cover (trading-risk.com, viewed July 15, 2020).
=588  \\$aLatest issue consulted: 2017/H2 (viewed July 15, 2020).
=650  \0$aRisk (Insurance)$vPeriodicals.
=650  \0$aSecurities$vPeriodicals.
=785  00$tTrading risk. ILS investor guide
=787  0\$tTrading risk$x1756-7858
=856  4\$uhttps://www.trading-risk.com/$zTo subscribe
=859  \\$aELD$bejournal
=985  \\$aCatalogued via VPN, July 2020
=CAT  \\$a8124$b40$c20200715$lBLL01$h1633
=CAT  \\$a8124$b40$c20200715$lBLL01$h1635
=CAT  \\$a8124$b40$c20200715$lBLL01$h1639
=FIN  \\$aY$d20200715
=LET  \0$aTrading risk. Investor guide (Electronic)
=LKR  \\$aPAR$b014502354$lBLL01$r787$mTrading risk. Investor guide$nTrading risk (Online)
=LAS  \\$a8124$b40$c20200715$lBLL01$h1639

