=LDR  01840 as a2200493 i 4500
=001  019843316
=003  Uk
=005  20200715163841.0
=006  m\\\\\|\\d\|\\\\\\
=007  cr\|||||||||||
=008  200715c20189999enkfr\p\o\\\\\0\\\a0eng\\
=FMT  \\$a  SE
=015  \\$aGBC086060$2bnb
=040  \\$aUk$beng$cUk$erda
=042  \\$aukblsr
=082  04$a332.632$223
=245  00$aTrading risk. ILS investor guide.
=246  3\$aTrading risk. Insurance linked securities investor guide
=264  \1$aLondon :$bEuromoney Trading Ltd,$c2018-
=300  \\$billustrations (colour)
=310  \\$aSeminnual
=336  \\$atext$2rdacontent
=337  \\$acomputer$2rdamedia
=338  \\$aonline resource$2rdacarrier
=362  0\$a2018/H1-
=500  \\$aTitle from PDF cover (trading-risk.com, viewed July 15, 2020).
=588  \\$aLatest issue consulted: 2020/H1 (viewed July 15, 2020).
=650  \0$aRisk (Insurance)$vPeriodicals.
=650  \0$aSecurities$vPeriodicals.
=780  00$tTrading risk. Investor guide
=787  0\$tTrading risk$g-January 2020$x1756-7858
=787  0\$tTrading risk. Weekly briefing$gFebruary 2020-$x2634-9086
=856  4\$uhttps://www.trading-risk.com/$zTo subscribe
=859  \\$aELD$bejournal
=985  \\$aJuly
=985  \\$aCatalogued via VPN, July 2020
=CAT  \\$a8124$b40$c20200715$lBLL01$h1634
=CAT  \\$a8124$b40$c20200715$lBLL01$h1638
=FIN  \\$aY$d20200715
=LET  \0$aTrading risk. ILS Investor guide (Electronic)
=LKR  \\$aPAR$b014502354$lBLL01$r787$mTrading risk. ILS investor guide$nTrading risk (Online)
=LKR  \\$aPAR$b019843312$lBLL01$r787$mTrading risk. ILS Investor guide$nTrading risk. Weekly briefing
=LKR  \\$aPAR$b019843315$lBLL01$nTrading risk. Investor guide$mTrading risk. ILS investor guide$r78000
=LAS  \\$a8124$b40$c20200715$lBLL01$h1638

