=LDR  01637 as a2200457 i 4500
=001  019843317
=003  Uk
=005  20200715165916.0
=006  m\\\\\|\\d\|\\\\\\
=007  cr\|||||||||||
=008  200715c20099999enkar\\\o\\\\\0\\\a0eng\\
=FMT  \\$a  SE
=015  \\$aGBC086061$2bnb
=040  \\$aUk$beng$cUk$erda
=042  \\$aukblsr
=082  04$a368.0122$223
=245  00$aTrading risk.$p... roundtable.
=264  \1$aLondon :$bInsider Publishing,$c2009-
=264  31$aLondon :$bEuromoney Trading Ltd
=300  \\$billustrations (colour)
=310  \\$aAnnual
=336  \\$atext$2rdacontent
=337  \\$acomputer$2rdamedia
=338  \\$aonline resource$2rdacarrier
=362  1\$aPrint began with Winter 2009/10.
=500  \\$aIssues have individual titles/locations.
=588  \\$aDescription based on print version record.
=588  \\$aLatest issue consulted: autumn 2019 (trading-risk.com, viewed July 15, 2020).
=650  \0$aReinsurance$vPeriodicals.
=690  7\$aManagement and Business Studies$2blcoll
=776  08$iAlso issued in print as:$tTrading risk ... roundtable
=787  0\$tTrading risk$x1756-7858
=856  4\$utrading-risk.com$zTo subscribe
=859  \\$aELD$bejournal
=985  \\$aCatalogued via VPN, July 2020
=CAT  \\$a8124$b40$c20200715$lBLL01$h1659
=FIN  \\$aY$d20200715
=LET  \0$aTrading risk ... roundtable (Electronic)
=LKR  \\$aPAR$b015488486$lBLL01$r776$mTrading risk ... roundtable (Online)$nTrading risk ... roundtable (Print)
=LKR  \\$aPAR$b014502354$lBLL01$nTrading risk$mTrading risk.... roundtable$r787
=LAS  \\$a8124$b40$c20200715$lBLL01$h1659

