=LDR  01718 as a2200457 i 4500
=001  019939708
=003  Uk
=005  20200916082519.0
=006  m\\\\\|\\d\|\\\\\\
=007  cr\|||||||||||
=008  200916d200u2004enkar\\\o\\\\\0\\\a0eng\\
=FMT  \\$a  SE
=040  \\$aUk$beng$cUk$erda
=042  \\$aukblsr
=082  04$a331.2529138840942105$223
=110  2\$aLondon Regional Transport (Agency),$eauthor.
=245  10$aLRT Pension Fund annual review.
=246  30$aAnnual review
=246  3\$aLondon Regional Transport Pension Fund annual review
=246  17$aAnnual review of the LRT Pension Fund for the year to 31 March
=264  \1$aLondon :$b[London Regional Transport],$c-2004.
=300  \\$billustrations (colour)
=310  \\$aAnnual
=336  \\$atext$2rdacontent
=337  \\$acomputer$2rdamedia
=338  \\$aonline resource$2rdacarrier
=362  0\$a-2004.
=530  \\$aAlso issued in large type and text-only formats.
=588  \\$aDescription based on: 2004 ; title from caption (tfl.gov.uk, viewed September 16, 2020).
=610  20$aLondon Regional Transport (Agency)$vPeriodicals.
=650  \0$aTransport workers$xPensions$zEngland$zLondon$vPeriodicals.
=650  \0$aPension trusts$zGreat Britain$vPeriodicals.
=785  00$aTfL Pension Fund.$tAnnual review
=856  4\$uhttps://tfl.gov.uk/pensions/news-and-publications/publications?intcmp=23812$zFollow links to resource
=859  \\$aELD$bejournal
=985  \\$aCatalogued via VPN, September 2020
=CAT  \\$a8124$b40$c20200916$lBLL01$h0823
=CAT  \\$a8124$b40$c20200916$lBLL01$h0825
=FIN  \\$aY$d20200916
=LET  \0$aLRT Pension Fund annual review (Electronic)
=LAS  \\$a8124$b40$c20200916$lBLL01$h0825

