=LDR  01388 as a2200361 i 4500
=001  020288917
=003  Uk
=005  20210811095203.0
=006  m\\\\\|\\d\|\\\\\\
=007  cr\|||||||||||
=008  210810d201u201unik\r\\\o\\\\o0\\\a0eng\\
=FMT  \\$a  SE
=040  \\$aUk$beng$cUk$erda
=042  \\$aukblsr
=082  04$a353.8828409416$223
=110  2\$aCouncil for the Curriculum, Examinations and Assessment,$eauthor.
=245  10$aCCEA regulation annual report.
=264  \1$aBelfast :$bCouncil for the Curriculum, Examinations and Assessment
=310  \\$aAnnual
=336  \\$atext$2rdacontent
=337  \\$acomputer$2rdamedia
=338  \\$aonline resource$2rdacarrier
=588  \\$aDescription based on: 2014/15 issue; title from PDF cover.
=610  20$aCouncil for the Curriculum, Examinations and Assessment$vPeriodicals.
=650  \0$aAccreditation (Education)$zNorthern Ireland$vPeriodicals.
=856  40$uttps://ccea.org.uk$zTo search
=859  \\$aELD$bejournal
=985  \\$aAppears to be a one-off; content doesn't look the same as the Business plans that have 2014/15 issue missing.
=CAT  \\$a3072$b40$c20210810$lBLL01$h1153
=CAT  \\$a3072$b40$c20210811$lBLL01$h0952
=FIN  \\$aY$d20210811
=LET  \0$aCCEA regulation annual report - Council for the Curriculum, Examinations and Assessment (Electronic)
=LAS  \\$a3072$b40$c20210811$lBLL01$h0952

