=LDR  01970 as a2200457 i 4500
=001  020301750
=003  Uk
=005  20210824155635.0
=006  m\\\\\|\\d\|\\\\\\
=007  cr\|||||||||||
=008  210818d20122015nikar\\\o\\\\o0\\\a0eng\\
=FMT  \\$a  SE
=015  \\$aGBC1D9921$2bnb
=040  \\$aUk$beng$cUk$erda
=042  \\$aukblsr
=082  04$a349.416$223
=110  1\$aNorthern Ireland.$bLaw Commission,$eauthor.
=245  10$aAnnual report :$bfor the year ended 31 March ... /$cNorthern Ireland Law Commission.
=246  13$aNILC annual report
=264  \1$aBelfast :$bNorthern Ireland Law Commission
=310  \\$aAnnual
=336  \\$atext$2rdacontent
=337  \\$acomputer$2rdamedia
=338  \\$aonline resource$2rdacarrier
=362  1\$aBegan with 2012 issue; ceased with 2015 issue.
=538  \\$aMode of access: World Wide Web.
=588  \\$aDescription based on: 2013 issue = 2012/13; title from title page (publisher's Web site, viewed August 18, 2021).
=588  \\$aLatest issue consulted: 2015 = 2014/15 (publisher's Web site, viewed August 18, 2021).
=500  \\$a"Due to budgetary pressures within the Department of Justice the Northern Ireland Law Commission has been non-operational since April 2015" - web site viewed August 18, 2021.
=610  10$aNorthern Ireland.$bLaw Commission$vPeriodicals.
=650  \0$aLaw$zNorthern Ireland$vPeriodicals.
=776  08$iAlso issued in print as:$aNorthern Ireland. Law Commission.$tAnnual report
=780  00$aNorthern Ireland. Law Commission.$tAnnual report and accounts
=710  2\$aNorthern Ireland Statistics & Research Agency,$eissuing body.
=856  4\$uhttp://www.nilawcommission.gov.uk/publications.htm$zFollow links to resource
=859  \\$aELD$bejournal
=CAT  \\$a3072$b40$c20210818$lBLL01$h1519
=CAT  \\$a3072$b40$c20210818$lBLL01$h1520
=CAT  \\$a3072$b40$c20210824$lBLL01$h1556
=FIN  \\$aY$d20210824
=LAS  \\$a3072$b40$c20210824$lBLL01$h1556

