=LDR  01991 as a2200457 i 4500
=001  020305430
=003  Uk
=005  20210824155020.0
=006  m\\\\\|\\d\|\\\\\\
=007  cr\|||||||||||
=008  210824d200u2015nikar\\\o\\\\o0\\\a0eng\\
=FMT  \\$a  SE
=015  \\$aGBC1D9920$2bnb
=040  \\$aUk$beng$cUk$erda
=042  \\$aukblsr
=082  04$a362.5809416$223
=110  1\$aNorthern Ireland.$bLegal Services Commission,$eauthor.
=245  10$aAnnual report and financial statements for the year ended 31 March ... /$cNorthern Ireland Legal Services Commission.
=246  13$aAnnual report and accounts
=260  \\$aBelfast :$bCorporate Document Services
=264  31$aBelfast :$bpublished and printed by: Department of Finance and Personnel, Enterprise Shared Services, IS Shared Services & Strategy, IT Assist, Central Print Unit
=336  \\$atext$2rdacontent
=337  \\$acomputer$2rdamedia
=338  \\$aonline resource$2rdacarrier
=362  0\$a-2015.
=588  \\$aDescription based on print version record.
=588  \\$aLatest issue consulted: 2015.
=610  10$aNorthern Ireland.$bLegal Services Commission$vPeriodicals.
=610  10$aNorthern Ireland.$bLegal Services Commission$xFinance$vPeriodicals.
=650  10$aLegal aid$zNorthern Ireland$vPeriodicals.
=710  1\$aNorthern Ireland.$bDepartment of Finance and Personnel.
=776  08$iAlso issued in print as:$aNorthern Ireland. Legal Services Commission.$tAnnual report and financial statements for the year ended 31 March
=785  00$aLegal Services Agency Northern Ireland.$tAnnual report and accounts for the year ended
=856  40$uwww.nilsc.org,uk$zTo search
=859  \\$aELD$bejournal
=985  \\$aUsed same title as for print (i.e. cover for 2014); tp variant =246.
=CAT  \\$a3072$b40$c20210824$lBLL01$h1538
=CAT  \\$a3072$b40$c20210824$lBLL01$h1549
=CAT  \\$a3072$b40$c20210824$lBLL01$h1550
=FIN  \\$aY$d20210824
=LAS  \\$a3072$b40$c20210824$lBLL01$h1550

