=LDR  01370 as a2200409 i 4500
=001  020320314
=003  Uk
=005  20210910115312.0
=006  m\\\\\|\\d\|\\\\\\
=007  cr\|||||||||||
=008  210907c200u9999enkuu\p\o\\\\\0\\\a0eng\\
=FMT  \\$a  SE
=040  \\$aUk$beng$cUk$erda
=042  \\$aukblsr
=082  04$a796.352$223
=245  04$aThe London Golf Club magazine.
=246  1\$iMinor title change:$aLondon,$f2021-
=264  \1$aAsh, Kent :$bLondon Golf Club
=300  \\$billustrations (colour)
=336  \\$atext$2rdacontent
=337  \\$acomputer$2rdamedia
=338  \\$aonline resource$2rdacarrier
=588  \\$aDescription based on: November 11 2008 ; title from PDF cover (ISSUU, viewed September 7, 2021).
=588  \\$aLatest issue consulted: August 2021 (viewed September 7, 2021).
=610  20$aLondon Golf Club$vPeriodicals.
=650  \0$aGolf$vPeriodicals.
=650  \0$aGolf courses$vPeriodicals.
=710  2\$aLondon Golf Club,$eissuing body.
=856  4\$uhttps://londongolf.co.uk/$zTo search
=859  \\$aELD$bejournal
=985  \\$aWFH record (CS) 2021
=CAT  \\$a8124$b40$c20210907$lBLL01$h1422
=CAT  \\$a8124$b40$c20210907$lBLL01$h1435
=CAT  \\$a8871$b40$c20210910$lBLL01$h1153
=FIN  \\$aY$d20210907
=LET  \4$aThe London - London Golf Club (Electronic)
=LAS  \\$a8871$b40$c20210910$lBLL01$h1153

