=LDR  01841 as a2200481 i 4500
=001  020324480
=003  Uk
=005  20211021102229.0
=006  m\\\\\\\\d\|\\\\\\
=007  cr||||||||||||
=008  210909d20092012enkfr\p\o\\\\\0\\\a0eng\\
=FMT  \\$a  SE
=022  0\$a2752-8391$202
=040  \\$aUk$beng$cUk$erda
=042  \\$aissnuk$aukblsr
=082  04$a616.8900941105$223
=222  \0$aDCP Scotland$b(Online)
=245  00$aDCP Scotland.
=246  3\$aDivision of Clinical Psychology Scotland
=246  1\$iWebsite list title:$aDCP Scotland newsletter
=264  \1$aLeicester :$bBPS
=310  \\$aSemiannual
=336  \\$atext$2rdacontent
=337  \\$acomputer$2rdamedia
=338  \\$aonline resource$2rdacarrier
=362  1\$aBegan with Issue 1 (Nov. 2009); ceased with issue 7 (Nov. 2012).
=580  \\$aOriginal print version preceded by earlier title: Scottish news.
=588  \\$aDescription based on print version record.
=610  20$aBritish Psychological Society.$bDivision of Clinical Psychology.$bScotland Branch$vPeriodicals.
=650  \0$aClinical psychology$zScotland$vPeriodicals.
=710  2\$aBritish Psychological Society.$bDivision of Clinical Psychology.$bScotland Branch.
=776  08$iAlso issued in print as:$tDCP Scotland$x2752-8383
=710  2\$aBritish Psychological Society.
=785  00$tDCP-S review$x2752-8413
=859  \\$aELD$bejournal
=856  4\$uhttps://shop.bps.org.uk/publications/Periodicals-by-Series/DCP-Scotland$zTo subscribe
=CAT  \\$a10973$b40$c20210909$lBLL01$h1455
=CAT  \\$a10973$b40$c20210909$lBLL01$h1526
=CAT  \\$a8483$b40$c20211021$lBLL01$h1022
=FIN  \\$aY$d20210909
=LET  \0$aDCP Scotland (Electronic)
=LKR  \\$aPAR$b015607454$lBLL01$r776$mDCP Scotland (Online)$nDCP Scotland (Print)
=LAS  \\$a8483$b40$c20211021$lBLL01$h1022

