=LDR  01633cas a2200445 i 4500
=001  020368529
=003  Uk
=005  20211201102050.0
=006  m\\\\\\\\d\|\\\\\\
=007  cr||||||||||||
=008  211025c20089999enkqr\p\o\\\\\0\\\a0per\\
=FMT  \\$a  SE
=022  0\$a2752-9851$y2008-5095$202
=040  \\$aUk$beng$cUk$erda
=042  \\$aissnuk$aukblsr
=082  04$a320.05$223
=222  \0$aKūrush$b(Online)
=245  00$aKūrush.
=246  13$aKourosh international magazine
=246  13$aCyrus
=264  \1$aLondon :$b[Amir Kavian]
=300  \\$billustrations (colour)
=310  \\$aQuarterly
=336  \\$atext$2rdacontent
=337  \\$acomputer$2rdamedia
=338  \\$aonline resource$2rdacarrier
=362  1\$aPrint began in 2008.
=588  \\$aDescription based on: [July/September 2021] issue ; supplied pdf (viewed October 25, 2021).
=650  \0$aWorld politics$vNewspapers.
=650  \0$aInternational economic relations$vNewspapers.
=776  08$iAlso issued in print as:$tKūrush$x2008-5095
=856  4\$uhttp://kouroshmagazine.com/$zTo subscribe
=859  \\$aELD$bejournal
=985  \\$aISSN UK Centre: publisher states pdf version published from and distributed in UK. Publication of print format version not transferring to UK. Transliterated title information taken from ISSN portal record for print format version.
=CAT  \\$a10973$b40$c20211025$lBLL01$h0755
=CAT  \\$a8483$b40$c20211201$lBLL01$h1019
=CAT  \\$a8483$b40$c20211201$lBLL01$h1020
=FIN  \\$aY$d20211025
=LET  \0$aKourosh international magazine (Electronic)
=LAS  \\$a8483$b40$c20211201$lBLL01$h1020

