=LDR  01874cas a2200505 i 4500
=001  020420456
=003  Uk
=005  20230809131110.0
=006  m\\\\\|\\d\|\\\\\\
=007  cr\|||||||||||
=008  211208c20209999nikmr\p\o\\\\\0\\\a0eng\\
=FMT  \\$a  SE
=040  \\$aUk$beng$cUk$dUk$erda
=042  \\$aukblsr
=082  04$a303.609416$223
=130  0\$aMonthly news (Community Relations Council)
=245  10$aMonthly news.
=246  1\$iWeblink title:$ae-Bulletin
=264  \1$aBelfast :$bNI Community Relations Council,$c2020-
=300  \\$billustrations (colour)
=310  \\$aMonthly
=336  \\$atext$2rdacontent
=337  \\$acomputer$2rdamedia
=338  \\$aonline resource$2rdacarrier
=362  0\$aMay 2020-
=500  \\$aFrom March 2021 in HTML format.
=500  \\$aTitle from PDF caption (publisher's website, viewed Decmber 8, 2021).
=588  \\$aLatest issue consulted: February 2021 (viewed Decmber 8, 2021).
=610  20$aCommunity Relations Council$vPeriodicals.
=650  \0$aReconciliation$zNorthern Ireland$vPeriodicals.
=650  \0$aCommunity development$zNorthern Ireland$vPeriodicals.
=710  2\$aCommunity Relations Council,$eissuing body.
=780  04$tCRC e-News
=780  04$tCRC e-Bulletin
=856  4\$uhttps://www.community-relations.org.uk/publications/e-bulletin-e-news$zFollow links to resource
=859  \\$aELD$bejournal
=985  \\$aFrom March 2021- no longer in PDF format
=985  \\$aWFH record (CS) 2021
=CAT  \\$a8124$b40$c20211208$lBLL01$h1031
=CAT  \\$a8124$b40$c20230809$lBLL01$h1311
=FIN  \\$aY$d20211208
=LET  \0$aMonthly news - Community Relations Council e-bulletin (Electronic)
=LKR  \\$aPAR$b020420432$lBLL01$r78004$mMonthly news$nCRC e-News
=LKR  \\$aPAR$b020420429$lBLL01$r78004$mMonthly news$nCRC e-Bulletin
=LAS  \\$a8124$b40$c20230809$lBLL01$h1311

