=LDR  02107cas a2200505 i 4500
=001  020449800
=003  Uk
=005  20220308144801.0
=007  cr\|||||||||||
=008  220118d20092016enkar\p\o\\\\\0\\\a0eng\\
=FMT  \\$a  SE
=040  \\$aUk$beng$cUk$dUk$erda
=042  \\$aukblsr
=082  04$a305.8$223
=245  00$aState of the world's minorities and indigenous peoples ... :$bevents of ... /$cMinority Rights Group International
=264  \1$a[London] :$b[Minority Rights Group]
=300  \\$billustrations (colour), maps (colour)
=310  \\$aAnnual
=336  \\$atext$2rdacontent
=337  \\$acomputer$2rdamedia
=338  \\$aonline resource$2rdacarrier
=362  1\$aPrint began in 2009.
=362  0\$a-2016.
=580  \\$aOriginal print version preceded by earlier title: State of the world's minorities.
=580  \\$aIncludes section entitled: Peoples under threat.
=588  \\$aDescription based on print version record.
=588  \\$aLatest issue consulted: 2016 (Minority Rights Group website, viewed January 18, 2022).
=650  \0$aHuman rights$vPeriodicals.
=650  \0$aMinorities$xSocial conditions$y21st century$vPeriodicals.
=650  \0$aMinorities$xCivil rights$vPeriodicals.
=650  \0$aMinorities$xLegal status, laws, etc.$vPeriodicals.
=710  2\$aMinority Rights Group International.
=776  08$iAlso issued in print as:$tState of the world's minorities and indigenous peoples
=785  00$aMinority and indigenous trends
=787  0\$tPeoples under threat
=856  4\$uhttps://minorityrights.org/library/$zTo search
=859  \\$aELD$bejournal
=985  \\$aRecord created to parallel the print. Digital issues not ingested as the BL has already received stock in print format. (ED 15.2.2022).
=CAT  \\$a8483$b40$c20220118$lBLL01$h1024
=CAT  \\$a8483$b40$c20220118$lBLL01$h1025
=CAT  \\$a8483$b40$c20220215$lBLL01$h1202
=CAT  \\$a8323$b40$c20220308$lBLL01$h1448
=FIN  \\$aY$d20220118
=LET  \0$aState of the world's minorities and indigenous peoples (Electronic)
=LAS  \\$a8323$b40$c20220308$lBLL01$h1448

