=LDR  02244nas a2200505 i 4500
=001  020493965
=003  Uk
=005  20220221093413.0
=007  cr\|||||||||||
=008  220221c200u9999enkmr\p\\\s\\\0\\\c0rus\\
=FMT  \\$a  SE
=015  \\$aGBC226208$2bnb
=022  0\$a2755-533x$y1478-6370$202
=040  \\$aUk$beng$cUk$erda
=042  \\$aissnuk$aukblsr
=082  04$a665.5430947$223
=130  0\$aNefte transport.$lRussian
=222  \0$aNeftetransport$b(Russian ed. Online)
=245  10$6880-01$aNeftetransport :$bobzor transportirovki nefti i nefteproduktov.
=246  3\$aArgus Neftetransport :$bobzor transportirovki nefti i nefteproduktov
=264  \1$aLondon :$bArgus Media Limited
=310  \\$aMonthly
=336  \\$atext$2rdacontent
=337  \\$acomputer$2rdamedia
=338  \\$aonline resource$2rdacarrier
=588  \\$aDescription based on: Vypusk XXII, no. 2 (Fevral 2022) [PDF supplied by publisher].
=650  \0$aPetroleum pipelines$zFormer Soviet Republics$vPeriodicals.
=650  \0$aPetroleum pipelines$zEurope, Eastern$vPeriodicals.
=650  \0$aPetroleum$xTransportation$zEurope, Eastern$vPeriodicals.
=650  \0$aPetroleum$xTransportation$zEurope, Eastern$vStatistics$vPeriodicals.
=650  \0$aPetroleum$xTransportation$zFormer Soviet Republics$vPeriodicals.
=650  \0$aPetroleum$xTransportation$zFormer Soviet Republics$vStatistics$vPeriodicals.
=710  2\$aArgus Media (Agency),$eissuing body.
=775  0\$tNefte transport$x2399-9039
=776  08$iAlso issued in print as:$tNeftetransport$c(Russian ed.)$x1478-6370
=856  40$uhttp://www.argusmedia.com/transportation/argus-neftetransport/$zTo subscribe
=880  10$6245-01$aНефмемрансорпм :$bобзор транспортировки нефти и нефтепродуктов
=859  \\$aELD$bejournal
=CAT  \\$a8483$b40$c20220221$lBLL01$h0929
=CAT  \\$a8483$b40$c20220221$lBLL01$h0933
=CAT  \\$a8483$b40$c20220221$lBLL01$h0934
=FIN  \\$aY$d20220221
=LET  \0$aArgus Nefte transport (Russian Language edition : Electronic)
=LKR  \\$aPAR$b018143833$lBLL01$r775$mNeftetransport (Russian ed. Online)$nNefte transport (English ed. Online)
=LAS  \\$a8483$b40$c20220221$lBLL01$h0934

