=LDR  01500nas a2200433 i 4500
=001  020512463
=003  Uk
=005  20220309090924.0
=006  m\\\\\|\\d\|\\\\\\
=007  cr\|||||||||||
=008  220309c20159999enkar\p\o\\\\\0\\\a0eng\\
=FMT  \\$a  SE
=015  \\$aGBC242230$2bnb
=040  \\$aUk$beng$cUk$erda
=042  \\$aukblsr
=082  04$a791.430951$223
=245  00$aBeijing Film Academy yearbook.
=264  \1$aFishponds, Bristol :$bIntellect
=300  \\$billustrations (black and white).
=310  \\$aAnnual
=336  \\$atext$2rdacontent
=337  \\$acomputer$2rdamedia
=338  \\$aonline resource$2rdacarrier
=362  1\$aPrint began in 2015.
=490  0\$aIntellect China library series,$x2059-1993
=588  \\$aDescription based on print version record.
=588  \\$aLatest issue consulted: 2018 [PDF supplied by publisher].
=610  20$aBeijing dian ying xue yuan$vPeriodicals.
=650  \0$aMotion pictures$zChina$vPeriodicals.
=710  2\$aBeijing dian ying xue yuan.
=776  08$iAlso issued in print as:$tBeijing Film Academy yearbook
=856  4\$uhttps://www.intellectbooks.com/$zTo buy
=859  \\$aELD$bejournal
=CAT  \\$a8483$b40$c20220309$lBLL01$h0908
=CAT  \\$a8483$b40$c20220309$lBLL01$h0909
=FIN  \\$aY$d20220309
=LET  \0$aBeijing Film Academy Yearbook (Electronic)
=LKR  \\$aPAR$b017839504$lBLL01$r776$mBeijing Film Academy yearbook.$nBeijing Film Academy yearbook.
=LAS  \\$a8483$b40$c20220309$lBLL01$h0909

