=LDR  02260cas a2200541 i 4500
=001  020524954
=003  Uk
=005  20230125095237.0
=006  m\\\\\\\\d\|\\\\\\
=007  cr||||||||||||
=008  220322c20uu9999enkdn\p\o\\\\\0\\\e0chi\\
=FMT  \\$a  SE
=015  \\$aGBC2B3635$2bnb
=022  0\$a2755-1903$202
=040  \\$aUk$beng$cUk$dUk$erda
=042  \\$aissnuk$aukblsr
=082  04$a338.43662880951$223
=222  \0$aAgesi Zhongguo sheng wu ran liao bao gao
=245  00$6880-01$aAgesi Zhongguo sheng wu ran liao bao gao :$bZhongguo sheng wu ran liao ji yuan liao shi chang jia ge, dong tai ji fen xi.
=246  13$aArgus China biofuels
=264  \1$aLondon :$bArgus Media Group
=300  \\$billustrations
=310  \\$aDaily (weekdays)
=336  \\$atext$2rdacontent
=337  \\$acomputer$2rdamedia
=338  \\$aonline resource$2rdacarrier
=588  \\$aDescription based on: Friday 6 May 2022 issue = 2022 nian 5 yue 6 ri xing qi wu; title from PDF caption.
=650  \0$aBiomass energy$xPrices$zChina$xForecasting$vPeriodicals.
=650  \0$aBiomass energy$xEconomic aspects$zChina$vPeriodicals.
=650  \0$aBiomass energy industries$zChina$xForecasting$vPeriodicals.
=650  \0$aMarket surveys$vPeriodicals.
=710  2\$aArgus Media (Agency)
=856  00$umailto:cnbiofuels@argusalerts.com$zTo subscribe
=859  \\$aELD$bejournal
=880  00$6245-01$a阿格斯中国生物燃料报告 :$b中国生物燃料及原料市场价格、动态及分析.
=985  \\$aISSN UK Centre: Chinese language publication. Application stated title was 阿格斯中国生物燃料报告 and translated title = Argus China biofuels.
=CAT  \\$a10973$b40$c20220322$lBLL01$h1340
=CAT  \\$a13876$b40$c20220527$lBLL01$h1211
=CAT  \\$a13876$b40$c20220607$lBLL01$h1620
=CAT  \\$a3072$b40$c20220608$lBLL01$h1055
=CAT  \\$a3072$b40$c20220614$lBLL01$h1425
=CAT  \\$a11313$b40$c20220616$lBLL01$h1352
=CAT  \\$a13876$b40$c20220704$lBLL01$h1434
=CAT  \\$a3072$b40$c20220704$lBLL01$h1519
=CAT  \\$a8250$b40$c20230125$lBLL01$h0952
=FIN  \\$aY$d20220608
=LET  \0$aAgesi Zhongguo sheng wu ran liao bao gao = Argus China biofuels (Electronic)
=LAS  \\$a8250$b40$c20230125$lBLL01$h0952

