=LDR  01588nas a2200409 i 4500
=001  020567076
=003  Uk
=005  20220427161916.0
=006  m\\\\\|\\d\|\\\\\\
=007  cr\|||||||||||
=008  220427d20132017nikax\\\o\\\\o0\\\a0eng\\
=FMT  \\$a  SE
=015  \\$aGBC274606$2bnb
=040  \\$aUk$beng$cUk$erda
=042  \\$aukblsr
=082  04$a362.1977509416$223
=110  1\$aNorthern Ireland.$bHealth and Social Care Board,$eauthor.
=245  10$aDeveloping eyecare partnerships :$bimproving the commissioning and provision of eyecare services in Northern Ireland.
=264  \1$aBelfast :$b[Health and Social Care Board?],$c2013-2017.
=300  \\$billustrations (colour)
=310  \\$aAnnual
=336  \\$atext$2rdacontent
=337  \\$acomputer$2rdamedia
=338  \\$aonline resource$2rdacarrier
=362  0\$a[1st] (October 2013) - [5th] (2012/2017, Final project report October 2017).
=500  \\$a"Annual report from the Health and Social Care Board and Public Health Agency".
=588  \\$aLatest issue consulted: [5th] (2012/2017, Final project report October 2017).
=650  \0$aOptometry$zNorthern Ireland$xPlannning$vPeriodicals.
=710  1\$aNorthern Ireland.$bPublic Health Agency.
=856  4\$uhttps://hscbusiness.hscni.net/2612.htm$zFollow links to resource
=859  \\$aELD$bejournal
=CAT  \\$a3072$b40$c20220427$lBLL01$h1502
=CAT  \\$a3072$b40$c20220427$lBLL01$h1506
=CAT  \\$a3072$b40$c20220427$lBLL01$h1508
=CAT  \\$a3072$b40$c20220427$lBLL01$h1619
=FIN  \\$aY$d20220427
=LAS  \\$a3072$b40$c20220427$lBLL01$h1619

