=LDR  01531nas a2200409 i 4500
=001  020567576
=003  Uk
=005  20220428105454.0
=006  m\\\\\|\\d\|\\\\\\
=007  cr\|||||||||||
=008  220428d20uu2020nikar\\\o\\\\o0\\\a0eng\\
=FMT  \\$a  SE
=015  \\$aGBC274707$2bnb
=040  \\$aUk$beng$cUk$erda
=042  \\$aukblsr
=082  04$a353.609416$223
=110  1\$aNorthern Ireland.$bHealth and Social Care Board,$eauthor.
=245  10$aCorporate plan /$cHealth and Social Care Board.
=246  13$aHSBC corporate plan
=264  \1$aBelfast :$bHealth and Social Care Board
=310  \\$aAnnual
=336  \\$atext$2rdacontent
=337  \\$acomputer$2rdamedia
=338  \\$aonline resource$2rdacarrier
=362  0\$a2010/2011-2019/20.
=588  \\$aDescription based on: 2010/2011 issue; title from PDF cover (publisher's website, viewed April 28, 2022).
=588  \\$aLatest issue consulted: 2019/20 (viewed April 28, 2022).
=610  10$aNorthern Ireland.$bHealth and Social Care Board$xPlanning$vPeriodicals.
=650  \0$aHealth planning$zNorthern Ireland$vPeriodicals.
=785  00$aNorthern Ireland. Health and Social Care Board.$tHSCB business plan objectives
=856  4\$uhttps://hscboard.hscni.net/publications/corporate-plan$zFollow links to resource
=859  \\$aELD$bejournal
=CAT  \\$a3072$b40$c20220428$lBLL01$h1048
=CAT  \\$a3072$b40$c20220428$lBLL01$h1049
=CAT  \\$a3072$b40$c20220428$lBLL01$h1054
=FIN  \\$aY$d20220428
=LAS  \\$a3072$b40$c20220428$lBLL01$h1054

