=LDR  01454nas a2200421 i 4500
=001  020567736
=003  Uk
=005  20220428162912.0
=006  m\\\\\|\\d\|\\\\\\
=007  cr\|||||||||||
=008  220428d20152017nikzx\\\o\\\\o0\\\a0eng\\
=FMT  \\$a  SE
=015  \\$aGBC274768$2bnb
=040  \\$aUk$beng$cUk$erda
=042  \\$aukblsr
=082  04$a362.19683109416$223
=245  00$aDementia together NI.
=246  3\$aDemential together Northern Ireland
=264  \1$aBelfast :$bHealth and Social Care Board,$c2015-2017.
=310  \\$aAnnual
=310  \\$a4-5 issues per year
=336  \\$atext$2rdacontent
=337  \\$acomputer$2rdamedia
=338  \\$aonline resource$2rdacarrier
=362  0\$aIssue 1 (March 2015)-issue 12 (December 2017).
=500  \\$aTitle from PDF caption.
=588  \\$aLatest issue consulted: issue 12 (December 2017).
=610  20$aDementia Together NI$vPeriodicals.
=650  \0$aDementia$xPatients$xServices for$zNorthern Ireland$vPeriodicals.
=650  \0$aDementia$xPatients$xCare$zNorthern Ireland$vPeriodicals.
=710  1\$aNorthern Ireland.$bHealth and Social Care Board.
=710  1\$aNorthern Ireland.$bPublic Health Agency.
=856  4\$uhttps://hscboard.hscni.net$zTo search
=859  \\$aELD$bejournal
=985  \\$aIssue 12 (first page: This will be our last newsletter).
=CAT  \\$a3072$b40$c20220428$lBLL01$h1629
=FIN  \\$aY$d20220428
=LAS  \\$a3072$b40$c20220428$lBLL01$h1629

