=LDR  01349nas a2200361 i 4500
=001  020570988
=003  Uk
=005  20220503111502.0
=007  cr\|||||||||||
=008  220503c200u9999nikar\p\\\\\\\0\\\a0eng\\
=FMT  \\$a  SE
=015  \\$aGBC275984$2bnb
=040  \\$aUk$beng$cUk$erda
=042  \\$aukblsr
=082  04$a307.1409415$223
=110  2\$aSpecial EU Programmes Body,$eauthor.
=245  10$aBusiness plan :$cSpecial EU Programmes Body = Foras Um Chláir Speisialta An AE = Boord o Owre Ocht UE Projecks.
=246  1\$iIrish interface title:$aPleananna Gnó
=264  \1$a[Belfast] :$b[Special EU Programmes Body]
=310  \\$aAnnual
=336  \\$atext$2rdacontent
=337  \\$acomputer$2rdamedia
=338  \\$aonline resource$2rdacarrier
=588  \\$aDescription based on: 2014; title from PDF cover (SEUPB website, viewed May 3, 2022).
=588  \\$aLatest issue consulted: 2020 issue, viewed May 3, 2022.
=610  20$aSpecial EU Programmes Body$vPeriodicals.
=610  20$aSpecial EU Programmes Body$xPlanning$vPeriodicals.
=856  4\$uhttps://www.seupb.eu/corporate-documents$zFollow links to resource
=859  \\$aELD$bejournal
=CAT  \\$a8483$b40$c20220503$lBLL01$h1115
=FIN  \\$aY$d20220503
=LET  \0$aSpecial EU Programmes Body business plan (Electronic)
=LAS  \\$a8483$b40$c20220503$lBLL01$h1115

