=LDR  01509nas a2200397 i 4500
=001  020571005
=003  Uk
=005  20220503113630.0
=006  m\\\\\|\\d\|\\\\\\
=007  cr\|||||||||||
=008  220503c20169999nikar\\\os\\\o0\\\a0eng\\
=FMT  \\$a  SE
=015  \\$aGBC275990$2bnb
=040  \\$aUk$beng$cUk$erda
=042  \\$aukblsr
=082  04$a373.416021$223
=245  00$aEducation Authority post-primary school annual area profile.
=246  30$aPost-primary school annual area profile
=264  \1$aBelfast :$bEducation Authority,$c2016-
=310  \\$aAnnual
=336  \\$atext$2rdacontent
=337  \\$acomputer$2rdamedia
=338  \\$aonline resource$2rdacarrier
=362  0\$aJune 2016-
=500  \\$aTitle from PDF cover (https://www.eani.org.uk/, viewed May 3, 2022).
=588  \\$aLatest issue consulted: November 2020 (viewed May 3, 2022).
=650  \0$aHigh schools$zNorthern Ireland$vStatistics$vPeriodicals.
=650  \0$aEducation, Secondary$zGreat Britain$zNorthern Ireland$vStatistics$vPeriodicals.
=710  1\$aNorthern Ireland.$bEducation Authority,$eissuing body.
=856  4\$uhttps://www.eani.org.uk/school-management/area-planning/annual-area-profiles$zFollow links to resource
=859  \\$aELD$bejournal
=985  \\$aWFH record (CS) 2022
=CAT  \\$a8124$b40$c20220503$lBLL01$h1136
=FIN  \\$aY$d20220503
=LET  \0$aNorthern Ireland Education Authority post-primary school annual area profile (Electronic)
=LAS  \\$a8124$b40$c20220503$lBLL01$h1136

