=LDR  02190cas a2200469 i 4500
=001  020571084
=003  Uk
=005  20220504121756.0
=006  m\\\\\|\\d\|\\\\\\
=007  cr\|||||||||||
=008  220503c201u9999nikmn\\\os\\\o0\\\a0eng\\
=FMT  \\$a  SE
=015  \\$aGBC281837$2bnb
=040  \\$aUk$beng$cUk$erda
=042  \\$aukblsr
=082  04$a362.109416$223
=245  00$aTrust Board performance report.
=264  \1$a[Northern Ireland] :$bprepared and issued by Planning & Service Improvement Unit
=264  31$3<April 2016 issue>-$a[Northern Ireland] :$bprepared and issued by Strategic Development and Business Services
=300  \\$billustrations (colour)
=310  \\$aMonthly
=336  \\$atext$2rdacontent
=337  \\$acomputer$2rdamedia
=338  \\$aonline resource$2rdacarrier
=588  \\$aDescription based on: August 2015 issue.
=588  \\$aLatest issue consulted: February 2022 (publisher's website, viewed May 3, 2022).
=610  20$aNorthern Health and Social Care Trust$xEvaluation$vStatistics$vPeriodicals.
=650  \0$aMedical care$zNorthern Ireland$vStatistics$vPeriodicals.
=650  \0$aPublic welfare$zNorthern Ireland$vStatistics$vPeriodicals.
=710  2\$aNorthern Health and Social Care Trust (Northern Ireland)
=710  2\$aNorthern Health and Social Care Trust (Northern Ireland).$bPlanning and Service Improvement Unit.
=710  2\$aNorthern Health and Social Care Trust (Northern Ireland).$bStrategic Development and Business Services.
=856  4\$uhttp://www.northerntrust.hscni.net/about-the-trust/corporate-information/priorities-and-plans/performance-reports/$zFollow links to resource
=859  \\$aELD$bejournal
=985  \\$a2 new bodies; bit reluctant to add them, as in small type; compromised with putting them in 264, with 245 main entry to avoid CT.
=CAT  \\$a3072$b40$c20220503$lBLL01$h1350
=CAT  \\$a3072$b40$c20220503$lBLL01$h1411
=CAT  \\$a3072$b40$c20220504$lBLL01$h1213
=CAT  \\$a3072$b40$c20220504$lBLL01$h1217
=FIN  \\$aY$d20220504
=LET  \0$aTrust Board performance report - Northern Health and Social Care Trust (Electronic)
=LAS  \\$a3072$b40$c20220504$lBLL01$h1217

