=LDR  01483nas a2200385 i 4500
=001  020577140
=003  Uk
=005  20220504115245.0
=006  m\\\\\|\\d\|\\\\\\
=007  cr\|||||||||||
=008  220504c201u9999nikar\\\o\\\\o0\\\a0eng\\
=FMT  \\$a  SE
=015  \\$aGBC281833$2bnb
=040  \\$aUk$beng$cUk$erda
=042  \\$aukblsr
=082  04$a371.009416$223
=110  1\$aNorthern Ireland.$bEducation Authority,$eissuing body.
=245  10$aAnnual report and accounts :$bfor the period ended 31 March /$cEducation Authority.
=246  1\$iWeblink title:$aAnnual report
=264  \1$aBelfast :$bEducation Authority
=310  \\$aAnnual
=336  \\$atext$2rdacontent
=337  \\$acomputer$2rdamedia
=338  \\$aonline resource$2rdacarrier
=588  \\$aDescription based on: 2016 issue ; title from PDF cover (eani.org.uk, viewed May 4, 2022).
=588  \\$aLatest issue consulted: 2019 (viewed May 4, 2022).
=610  10$aNorthern Ireland.$bEducation Authority$vPeriodicals.
=610  10$aNorthern Ireland.$bEducation Authority$xFinance$vPeriodicals.
=856  4\$uhttps://www.eani.org.uk/about-us/corporate-information/annual-report-and-corporate-documents$zFollow links to resource
=859  \\$aELD$bejournal
=985  \\$aWFH record (CS) 2022
=CAT  \\$a8124$b40$c20220504$lBLL01$h1152
=FIN  \\$aY$d20220504
=LET  \0$aAnnual report and accounts - Northern Ireland Education Authority (Electronic)
=LAS  \\$a8124$b40$c20220504$lBLL01$h1152

