=LDR  01508nas a2200397 i 4500
=001  020577275
=003  Uk
=005  20220504162347.0
=006  m\\\\\|\\d\|\\\\\\
=007  cr\|||||||||||
=008  220504d201u2015nikar\\\o\\\\\0\\\a0eng\\
=FMT  \\$a  SE
=015  \\$aGBC281869$2bnb
=040  \\$aUk$beng$cUk$erda
=042  \\$aukblsr
=082  04$a362.18809416$223
=110  2\$aNorthern Ireland Ambulance Service.$bHealth and Social Care Trust,$eauthor.
=245  10$aAnnual business plan & Trust delivery plan /$cNorthern Ireland Ambulance Service.
=264  \1$a[Belfast] :$bNorthern Ireland Ambulance Service
=310  \\$aAnnual
=336  \\$atext$2rdacontent
=337  \\$acomputer$2rdamedia
=338  \\$aonline resource$2rdacarrier
=362  0\$a-2015.
=588  \\$aDescription based on: 2015 issue; title from PDF page 1.
=610  20$aNorthern Ireland Ambulance Service.$bHealth and Social Care Trust$vPeriodicals.
=650  \0$aAmbulance service$zNorthern Ireland$xPlanning$vPeriodicals.
=785  00$aNorthern Ireland Ambulance Service. Health and Social Care Trust$tTrust delivery plan
=856  4\$uhttp://www.nias.hscni.net/about-the-trust/corporate-information/$zFollow links to resource
=859  \\$aELD$bejournal
=CAT  \\$a3072$b40$c20220504$lBLL01$h1446
=CAT  \\$a3072$b40$c20220504$lBLL01$h1449
=CAT  \\$a3072$b40$c20220504$lBLL01$h1515
=CAT  \\$a3072$b40$c20220504$lBLL01$h1623
=FIN  \\$aY$d20220504
=LAS  \\$a3072$b40$c20220504$lBLL01$h1623

