=LDR  01720nas a2200433 i 4500
=001  020577298
=003  Uk
=005  20220504155550.0
=006  m\\\\\|\\d\|\\\\\\
=007  cr\|||||||||||
=008  220504c200u9999nikar\\\o\\\\\0\\\a0eng\\
=FMT  \\$a  SE
=015  \\$aGBC281881$2bnb
=040  \\$aUk$beng$cUk$erda
=042  \\$aukblsr
=082  04$a362.709146$223
=110  2\$aYouth Council for Northern Ireland,$eauthor.
=245  10$aAnnual report and accounts :$bfor the year ended 31 March ... /$cYouth Council for Northern Ireland.
=260  \\$aBelfast :$bYouth Council for Northern Ireland
=310  \\$aAnnual
=336  \\$atext$2rdacontent
=337  \\$acomputer$2rdamedia
=338  \\$aonline resource$2rdacarrier
=588  \\$aDescription based on: print version record.
=588  \\$aLatest issue consulted: 2019 (publisher's website, viewed May 4, 2022).
=610  20$aYouth Council for Northern Ireland$vPeriodicals.
=610  20$aYouth Council for Northern Ireland$xFinance$vPeriodicals.
=650  \0$aYouth$xServices for$zNorthern Ireland$vPeriodicals.
=690  7\$aSocial Welfare$2blcoll
=776  08$iAlso issued in print as:$aYouth Council for Northern Ireland.$tAnnual report and accounts
=856  4\$uhttps://youthcouncilni.org/$zTo search
=859  \\$aELD$bejournal
=985  \\$aWFH record (CS) 2022
=CAT  \\$a8124$b40$c20220504$lBLL01$h1551
=CAT  \\$a8124$b40$c20220504$lBLL01$h1555
=FIN  \\$aY$d20220504
=LET  \0$aAnnual report and accounts - Youth Council for Northern Ireland (Electronic)
=LKR  \\$aPAR$b016080359$lBLL01$r776$mAnnual report and accounts (Online)$nAnnual report and accounts (Print)
=LAS  \\$a8124$b40$c20220504$lBLL01$h1555

