=LDR  01461nas a2200361 i 4500
=001  020577513
=003  Uk
=005  20220505113149.0
=007  cr\|||||||||||
=008  220505c200u9999nikuu\p\\\\\\o0\\\a0eng\\
=FMT  \\$a  SE
=015  \\$aGBC281941$2bnb
=040  \\$aUk$beng$cUk$erda
=042  \\$aukblsr
=082  04$a362.8809416$223
=110  1\$aNorthern Ireland.$bCommission for Victims and Survivors,$eauthor.
=245  10$aBusiness plan /$cCommission for Victims and Survivors.
=246  1\$iWebsite list title:$aCVSNI business plan
=264  \1$a[Belfast] :$b[Commission for Victims and Survivors]
=336  \\$atext$2rdacontent
=337  \\$acomputer$2rdamedia
=338  \\$aonline resource$2rdacarrier
=588  \\$aDescription based on: 2014/2015 issue (CVSNI website, viewed May 5, 2022).
=588  \\$aLatest issue consulted: 2015/2016, viewed May 5, 2022.
=610  10$aNorthern Ireland.$bCommission for Victims and Survivors$vPeriodicals.
=610  10$aNorthern Ireland.$bCommission for Victims and Survivors$xPlanning$vPeriodicals.
=856  4\$uhttps://www.cvsni.org/library/corporate-documents/corporate-publications/$zFollow links to resource
=859  \\$aELD$bejournal
=CAT  \\$a8483$b40$c20220505$lBLL01$h1127
=CAT  \\$a8483$b40$c20220505$lBLL01$h1131
=FIN  \\$aY$d20220505
=LET  \0$aCommission for Victims and Survivors Northern Ireland business plan (Electronic)
=LAS  \\$a8483$b40$c20220505$lBLL01$h1131

