=LDR  01984 as a2200469 i 4500
=001  017448095
=003  Uk
=005  20210128152917.0
=006  m\\\\\|\\d\|\\\\\\
=007  cr\|||||||||||
=008  150715d200u2012enkar\\\o\\\\\0\\\a0eng\\
=FMT  \\$a  SE
=040  \\$aUk$beng$cUk$dUk$erda
=042  \\$aukblsr
=082  04$a338.7681$223
=110  2\$aMorgan Crucible Company.
=245  10$aAnnual report /$cMorgan Crucible Company plc.
=264  \1$aWindsor :$bThe Morgan Crucible Company plc,$c-2012.
=310  \\$aAnnual
=336  \\$atext$2rdacontent
=337  \\$acomputer$2rdamedia
=338  \\$aonline resource$2rdacarrier
=588  \\$aDescription based on: 2009 issue; title from PDF cover (publisher's Web site, viewed July 2015).
=588  \\$aLatest issue consulted: 2012 (viewed July 2015).
=610  20$aMorgan Crucible Company$vPeriodicals.
=650  \0$aCorporation reports$zGreat Britain$vPeriodicals.
=650  \7$aCorporation reports.$2fast$0(OCoLC)fst00879751
=655  \7$aPeriodicals.$2fast$0(OCoLC)fst01411641
=785  00$aMorgan Advanced Materials PLC.$tAnnual report
=856  4\$uhttp://www.morganadvancedmaterials.com/investors/reports$zFollow links to resource
=859  \\$aELD$bejournal
=985  \\$aOnline issues taken to fill the gap in print issues on 010458342; (2009-2013); 2013 on new record; publisher is sending in print from 2014; keep online as closed set, while print is coming in; can't do a collection level record for online, so just main annual report taken.
=CAT  \\$a3072$b40$c20150715$lBLL01$h1724
=CAT  \\$a3072$b40$c20150716$lBLL01$h0946
=CAT  \\$a3072$b40$c20150723$lBLL01$h1524
=CAT  \\$a3072$b40$c20150723$lBLL01$h1648
=CAT  \\$a3072$b40$c20150723$lBLL01$h1700
=CAT  \\$aBATCH-UPD$b40$c20151012$lBLL01$h0744
=CAT  \\$aW1711-1005$c20171206$lBLL01$h1828
=CAT  \\$a10932$b40$c20210128$lBLL01$h1529
=FIN  \\$aY$d20150715
=LAS  \\$a10932$b40$c20210128$lBLL01$h1529

