=LDR  02066 as a2200481 i 4500
=001  017495036
=003  Uk
=005  20210126093453.0
=006  m\\\\\|\\d\|\\\\\\
=007  cr\|||||||||||
=008  150818d20122015stkar\\\o\\\\o0\\\a0eng\\
=FMT  \\$a  SE
=015  \\$aGBB5B2417$2bnb
=040  \\$aUk$beng$cUk$dUk$erda
=042  \\$aukblsr
=082  04$a353.9970941105$223
=110  2\$aFood Standards Agency Scotland,$eauthor.
=245  10$aAnnual report and accounts :$bfor the year ended 31 March /$cFood Standards Agency in Scotland.
=246  1\$iWeb link title:$aFSA in Scotland annual report and accounts
=264  \1$a[Aberdeen] :$bFood Standards Agency,$c2013-
=336  \\$atext$2rdacontent
=337  \\$acomputer$2rdamedia
=338  \\$aonline resource$2rdacarrier
=362  0\$a2012/13-
=500  \\$aTitle from PDF cover (publisher's Web site, viewed August 18, 2015).
=588  \\$aLatest issue consulted: 2014/15, year ended 31 March 2015 (viewed August 18, 2015).
=610  20$aFood Standards Agency Scotland$xFinance$vPeriodicals.
=780  00$aFood Standards Agency Scotland$tStatement of account
=785  00$aFood Standards Scotland$tAnnual report and accounts
=856  4\$uhttp://www.food.gov.uk/about-us/data-transparency-accounts/busreps/annualreport$zFollow links to resource
=859  \\$aELD$bejournal
=CAT  \\$a3072$b40$c20150818$lBLL01$h1508
=CAT  \\$a3072$b40$c20150818$lBLL01$h1509
=CAT  \\$a3072$b40$c20150818$lBLL01$h1512
=CAT  \\$a3072$b40$c20150818$lBLL01$h1520
=CAT  \\$a3072$b40$c20150825$lBLL01$h1649
=CAT  \\$a3072$b40$c20170503$lBLL01$h1623
=CAT  \\$aW1711-1005$c20171206$lBLL01$h1828
=CAT  \\$a6490$b40$c20210126$lBLL01$h0934
=FIN  \\$aY$d20150818
=LET  \0$aAnnual report and accounts - Food Standards Agency in Scotland (Electronic)
=LKR  \\$aPAR$b016002310$lBLL01$nAnnual report and accounts - Food Standards Agency Scotland (Print)$mStatement of account - Food Standards Agency Scotland (Online)$r776
=LAS  \\$a6490$b40$c20210126$lBLL01$h0934

