=LDR  02107 as a2200529 i 4500
=001  018734744
=003  Uk
=005  20190926161741.0
=006  m\\\\\|\\d\|\\\\\\
=007  cr\|||||||||||
=008  180206d20162017xxk\x\\\o\s\\\0\\\a0eng\\
=FMT  \\$a  SE
=015  \\$aGBB831808$2bnb
=040  \\$aUk$beng$cUk$dUk$erda
=042  \\$aukblsr
=082  04$a374.12240942$223
=245  00$aAdvanced learner loans.$pApplication information.
=246  1\$iAt head of Web page:$aAdvanced learner loan applications
=264  \1$a[Great Britain] :$bDepartment for Education,$c2016-17.
=310  \\$aIrregular
=336  \\$atext$2rdacontent
=337  \\$acomputer$2rdamedia
=338  \\$aonline resource$2rdacarrier
=362  0\$aAugust 2016-November 2017.
=500  \\$aSome issues accompanied on Web site by associated publications and Excel tables.
=500  \\$aIncludes "final" report for each academic year.
=500  \\$aTitle from PDF cover (GOV.UK, viewed February 6, 2018).
=588  \\$aLatest issue consulted: November 2017 = quarter 1 (2017/18) academic report (viewed February 6, 2018).
=650  \0$aStudent loans$zEngland$vStatistics$vPeriodicals.
=650  \0$aAdult education$zEngland$vPeriodicals.
=690  7\$aSocial Welfare$2blcoll
=710  1\$aGreat Britain.$bDepartment for Education (2010- ),$eissuing body.
=780  00$t24+ advanced learning loans
=856  4\$uhttps://www.gov.uk/government/collections/further-education$zFollow links to resource
=859  \\$aELD$bejournal
=985  \\$aMono records subsequently created - this record not needed.
=CAT  \\$a3072$b40$c20180206$lBLL01$h1733
=CAT  \\$a3072$b40$c20180207$lBLL01$h1022
=CAT  \\$a3072$b40$c20180207$lBLL01$h1028
=CAT  \\$a3072$b40$c20180207$lBLL01$h1142
=CAT  \\$a3072$b40$c20180207$lBLL01$h1218
=CAT  \\$a3072$b40$c20180207$lBLL01$h1317
=CAT  \\$a3072$b40$c20190926$lBLL01$h1617
=CAT  \\$aBATCH-UPD$b40$c20210514$lBLL01$h2122
=FIN  \\$aY$d20180207
=LET  \0$aAdvanced learning loans (Electronic)
=LAS  \\$aBATCH-UPD$b40$c20210514$lBLL01$h2122

