=LDR  01729 as a2200409 i 4500
=001  018760176
=003  Uk
=005  20180222121438.0
=006  m\\\\\|\\d\|\\\\\\
=007  cr\|||||||||||
=008  180222c20109999enk\x\\\o\\\\o0\\\a0eng\\
=FMT  \\$a  SE
=040  \\$aUk$beng$cUk$erda
=042  \\$aukblsr
=082  04$a379.42$223
=245  00$aStatistical policy statement on statistical quality :$bprinciples and procedures.
=246  1\$iWeb site link title:$aStatistical quality principles and procedures
=264  \1$a[England] :$bDepartment for Education
=336  \\$atext$2rdacontent
=337  \\$acomputer$2rdamedia
=338  \\$aonline resource$2rdacarrier
=362  1\$aBegan in 2010.
=490  1\$aStatistical notice
=588  \\$aDescription based on: version 1.2, published June 2011; title from PDF caption.
=588  \\$aLatest issue consulted: version 2, published April 2013 (GOV.UK, viewed February 22, 2018).
=650  \0$aEducational statistics$xGovernment policy$zGreat Britain$vPeriodicals.
=710  1\$aGreat Britain.$bDepartment for Education (2010- ),$eissuing body.
=830  \0$aStatistical notice (Great Britain. Department for Education (2010-))
=856  4\$uhttps://www.gov.uk/government/publications/standards-for-official-statistics-published-by-the-department-for-education$zFollow links to resource
=859  \\$aELD$bejournal
=CAT  \\$a8483$b40$c20180222$lBLL01$h1203
=CAT  \\$a8483$b40$c20180222$lBLL01$h1204
=CAT  \\$a8483$b40$c20180222$lBLL01$h1214
=CAT  \\$aBATCH-UPD$b40$c20210514$lBLL01$h2122
=FIN  \\$aY$d20180222
=LET  \0$aStatistical policy statement on statistical quality (Electronic)
=LAS  \\$aBATCH-UPD$b40$c20210514$lBLL01$h2122

