=LDR  01538 as a2200445 i 4500
=001  018827127
=003  Uk
=005  20180410101443.0
=006  m\\\\\|\\d\|\\\\\\
=007  cr\|||||||||||
=008  180410d20102013enkqr\\\os\\\\0\\\a0eng\\
=FMT  \\$a  SE
=015  \\$aGBB864435$2bnb
=040  \\$aUk$beng$cUk$erda
=042  \\$aukblsr
=082  04$a338.094850112$223
=245  00$aIndustry brief.$pSweden.
=264  \1$a[Oxford] :$bOxford Economics,$c2010-2013.
=300  \\$billustrations (colour)
=310  \\$aQuarterly
=336  \\$atext$2rdacontent
=337  \\$acomputer$2rdamedia
=338  \\$aonline resource$2rdacarrier
=362  1\$aSummer 2010-winter 2013.
=500  \\$aTitle from PDF caption (Oxford Economics Web site, viewed April 10, 2018).
=500  \\$a"By-country industry forecasts".
=588  \\$aLatest issue consulted: 2018/Q1 (viewed April 10, 2018).
=650  \0$aIndustries$zSweden$xForecasting$vPeriodicals.
=650  \0$aIndustrial statistics$zSweden$vPeriodicals.
=650  \0$aIndustrial surveys$zSweden$vPeriodicals.
=710  2\$aOxford Economics (Firm),$eissuing body.
=780  00$tSectoral prospects briefing. Sweden
=785  00$tIndustry forecast. Sweden
=856  4\$uhttps://www.oxfordeconomics.com$zRequires username and password
=859  \\$aELD$bejournal
=CAT  \\$a8483$b40$c20180410$lBLL01$h1004
=CAT  \\$a8483$b40$c20180410$lBLL01$h1014
=FIN  \\$aY$d20180410
=LET  \0$aIndustry brief. Sweden (Electronic)
=LAS  \\$a8483$b40$c20180410$lBLL01$h1014

