=LDR  01581 as a2200433 i 4500
=001  018996427
=003  Uk
=005  20180801122822.0
=006  m\\\\\|\\d\|\\\\\\
=007  cr\|||||||||||
=008  180801c20089999enkqr\p\o\\\\\0\\\a0eng\\
=FMT  \\$a  SE
=015  \\$aGBB8E1880$2bnb
=022  0\$a2631-3421$202
=040  \\$aUk$beng$cUk$erda
=042  \\$aukblsr$aissnuk
=082  04$a634.9094105$223
=222  \0$aLiving woods magazine$b(Online)
=245  00$aLiving woods magazine.
=264  \1$aLondon :$bLiving Woods Magazine Ltd
=300  \\$billustrations (black and white, and colour)
=310  \\$aQuarterly
=336  \\$atext$2rdacontent
=337  \\$acomputer$2rdamedia
=338  \\$aonline resource$2rdacarrier
=362  1\$aPrint began in 2008.
=588  \\$aDescription based on: number 39 (spring 2016) ; title from PDF cover (woodlands.co.uk, viewed August 1, 2018).
=588  \\$aLatest issue consulted: number 48 (summer 2018) (viewed August 1, 2018).
=650  \0$aForests and forestry$zGreat Britain$vPeriodicals.
=650  \0$aWoodworking$vPeriodicals.
=776  08$iPrint version -2017:$tLiving woods magazine$x1756-8609
=856  4\$uhttps://www.woodlands.co.uk/living-woods-magazine/#$zFollow links to resource
=859  \\$aELD$bejournal
=CAT  \\$a8124$b40$c20180801$lBLL01$h1228
=FIN  \\$aY$d20180801
=LET  \0$aLiving woods magazine (Electronic)
=LKR  \\$aPAR$b014511965$lBLL01$r776$mLiving woods magazine (Online)$nLiving woods magazine (Print)
=MNI  \\$a1756-8609
=LAS  \\$a8124$b40$c20180801$lBLL01$h1228

