=LDR  01508 as a2200445 i 4500
=001  019074595
=003  Uk
=005  20181120113228.0
=006  m\\\\\|\\d\|\\\\\\
=007  cr\|||||||||||
=008  181003c20109999enkmr\p\o\\\\\0\\\a0eng\\
=FMT  \\$a  SE
=015  \\$aGBB8I3314$2bnb
=022  0\$a2631-6625$202
=040  \\$aUk$beng$cUk$erda
=042  \\$aukblsr$aissnuk
=082  04$a336.41$223
=222  \0$aPartnerships bulletin$b(Online)
=245  00$aPartnerships bulletin.
=264  \1$aLondon :$bRockliffe Ltd
=300  \\$billustrations (colour)
=310  \\$aMonthly
=336  \\$atext$2rdacontent
=337  \\$acomputer$2rdamedia
=338  \\$aonline resource$2rdacarrier
=362  1\$aPrint began in February 2010.
=588  \\$aDescription based on: Print version record.
=588  \\$aLatest issue consulted: volume 23, issue 4 (July 2018) (viewed October 3, 2018).
=650  \0$aFinance, Public$vPeriodicals.
=650  \0$aInvestments$vPeriodicals.
=650  \0$aPublic-private sector cooperation$zGreat Britain$vPeriodicals.
=690  7\$aManagement and Business Studies$2blcoll
=776  08$iAlso issued in print as:$tPartnerships bulletin$x2045-1431
=856  4\$uhttps://www.partnershipsbulletin.com/magazine$zTo subscribe
=859  \\$aELD$bejournal
=CAT  \\$a8124$b40$c20181003$lBLL01$h0940
=CAT  \\$a8124$b40$c20181120$lBLL01$h1132
=FIN  \\$aY$d20181003
=LET  \0$aPartnerships bulletin (Electronic)
=LAS  \\$a8124$b40$c20181120$lBLL01$h1132

