=LDR  01662 as a2200421 i 4500
=001  019096517
=003  Uk
=005  20181024125009.0
=006  m\\\\\|\\d\|\\\\\\
=007  cr\|||||||||||
=008  181024c20179999enkuu\\\o\\\\o0\\\a0eng\\
=FMT  \\$a  SE
=015  \\$aGBB8J3827$2bnb
=040  \\$aUk$beng$cUk$erda
=042  \\$aukblsr
=082  04$a363.5$223
=245  00$aEnglish housing survey.$pFloor space in English homes - Main report /$cMinistry of Housing, Communities & Local Government.
=246  30$aFloor space in English homes - Main report
=264  \1$aLondon :$bMinistry of Housing, Communities and Local Government,$c2018-
=300  \\$billustrations (colour)
=336  \\$atext$2rdacontent
=337  \\$acomputer$2rdamedia
=338  \\$aonline resource$2rdacarrier
=362  1\$aBegan in 2017 with unnumbered issue.
=500  \\$aAccompanied on Web site by associated excel tables and PDFs including: Technical report.
=500  \\$aTitle from PDF cover (GOV.UK, viewed October 24, 2018).
=650  \0$aHousing$zEngland$vStatistics$vPeriodicals.
=650  \0$aHousing surveys$zEngland$vPeriodicals.
=710  1\$aGreat Britain.$bMinistry of Housing, Communities and Local Government,$eissuing body.
=856  4\$uhttps://www.gov.uk/$zTo search
=859  \\$aELD$bejournal
=CAT  \\$a8124$b40$c20181024$lBLL01$h1243
=CAT  \\$a8124$b40$c20181024$lBLL01$h1249
=CAT  \\$a8124$b40$c20181024$lBLL01$h1250
=CAT  \\$a5194$b40$c20210712$lBLL01$h1411
=FIN  \\$aY$d20181024
=LET  \0$aEnglish housing survey. Floor space in English homes - Main report (Electronic)
=LAS  \\$a5194$b40$c20210712$lBLL01$h1411

