=LDR  01463 as a2200409 i 4500
=001  019104585
=003  Uk
=005  20181031163822.0
=006  m\\\\\|\\d\|\\\\\\
=007  cr\|||||||||||
=008  181031c19uu9999enkuu\p\o\\\\\0\\\a0eng\\
=FMT  \\$a  SE
=040  \\$aUk$beng$cUk$erda
=042  \\$aukblsr
=082  04$a305.90691406041$223
=110  20$aRefugee Council,$eauthor.
=245  10$aUpdate /$cRefugee Council.
=246  1\$iMinor title change:$aUp date$f<2009>-
=264  \1$aLondon :$bRefugee Council
=300  \\$billustrations
=336  \\$atext$2rdacontent
=337  \\$acomputer$2rdamedia
=338  \\$aonline resource$2rdacarrier
=500  \\$aSubtitle varies: On the outlook for refugees in the UK <1998>-; Newsletter for the supporters of the Refugee Council <2009>-.
=588  \\$aDescription based on print version record.
=588  \\$aLatest issue consulted: spring/summer 2009.
=650  \0$aRefugees$zGreat Britain$vPeriodicals.
=610  20$aRefugee Council$vPeriodicals.
=776  08$iAlso issued in print as:$tRefugee Council. Update
=856  40$uhttps://www.refugeecouncil.org.uk/$zTo subscribe
=859  \\$aELD$bejournal
=CAT  \\$a3072$b40$c20181031$lBLL01$h1614
=CAT  \\$a3072$b40$c20181031$lBLL01$h1638
=FIN  \\$aY$d20181031
=LET  \0$aUpdate - Refugee Council (Electronic)
=LKR  \\$aPAR$b007182727$lBLL01$nUpdate (Print)$mUpdate (Online)$r776
=LAS  \\$a3072$b40$c20181031$lBLL01$h1638

