=LDR  02040 as a2200505 i 4500
=001  019119232
=003  Uk
=005  20200304164116.0
=006  m\\\\\|\\d\|\\\\\\
=007  cr\|||||||||||
=008  181108d20132013nikar\\\os\\\o0\\\a0eng\\
=FMT  \\$a  SE
=015  \\$aGBB8K8938$2bnb
=040  \\$aUk$beng$cUk$dUk$erda
=042  \\$aukblsr
=082  04$a338.09416021$223
=245  00$aNorthern Ireland annual business inquiry local unit results.
=246  1\$iWeb link title:$aNI annual business inquiry.$p(Local unit basis)
=264  \1$aBelfast :$bNorthern Ireland Statistics & Research Agency,$c2015.
=300  \\$billustrations (colour)
=310  \\$aAnnual
=336  \\$atext$2rdacontent
=337  \\$acomputer$2rdamedia
=338  \\$aonline resource$2rdacarrier
=362  0\$a2013.
=500  \\$aTitle from PDF cover (nisra.gov.uk, viewed November 8, 2018).
=588  \\$aLatest issue consulted: 2013 (nisra.gov.uk, viewed November 8, 2018).
=650  \0$aIndustrial surveys$zGreat Britain$vPeriodicals.
=650  \0$aBusiness enterprises$zGreat Britain$vStatistics$vPeriodicals.
=650  \0$aIndustries$zGreat Britain$vStatistics$vPeriodicals.
=651  \0$aNorthern Ireland$xCommerce$vStatistics$vPeriodicals.
=710  2\$aNorthern Ireland Statistics & Research Agency,$eissuing body.
=780  00$tLocal unit results from the Northern Ireland annual business inquiry
=785  00$tNI non-financial business economy
=856  4\$uhttps://www.nisra.gov.uk/publications/archive-publications-abi$zFollow links to resource
=859  \\$aELD$bejournal
=985  \\$aExperimental record for QUB ingest - NI gov.
=CAT  \\$a3072$b40$c20181108$lBLL01$h1427
=CAT  \\$a3072$b40$c20181108$lBLL01$h1434
=CAT  \\$a3072$b40$c20181113$lBLL01$h1559
=CAT  \\$a3072$b40$c20181113$lBLL01$h1601
=CAT  \\$a3072$b40$c20200304$lBLL01$h1641
=FIN  \\$aY$d20181113
=LET  \0$aNorthern Ireland annual business inquiry local unit results (Electronic)
=LAS  \\$a3072$b40$c20200304$lBLL01$h1641

