=LDR  02448 as a2200589 i 4500
=001  019344904
=003  Uk
=005  20210510104219.0
=006  m\\\\\|\\d\|\\\\\\
=007  cr\|||||||||||
=008  190402c201u9999ie\mr\\\o\\\\o0\\\a0eng\\
=FMT  \\$a  SE
=015  \\$aGBB960227$2bnb
=040  \\$aUk$beng$cUk$erda
=042  \\$aukblsr
=082  04$a338.476709417021$223
=245  00$aAIB Ireland manufacturing PMI.
=246  3\$aAllied Irish Banks manufacturing Purchasing Managers' Index
=246  30$aIreland manufacturing PMI
=246  1\$iWeb link title:$aAIB Ireland PMIs
=264  \1$a[Dublin] :$bAIB Ireland
=300  \\$billustrations (colour)
=310  \\$aMonthly
=336  \\$atext$2rdacontent
=337  \\$acomputer$2rdamedia
=338  \\$aonline resource$2rdacarrier
=515  \\$aIssue dates are "embargoed until" dates (accessed via web link of a week earlier).
=588  \\$aDescription based on: February 2019 issue; title from PDF caption (publisher's Web site, viewed April 2, 2019).
=588  \\$aLatest issue consulted: April 2019 (viewed April 2, 2019).
=650  \0$aManufacturing industries$zIreland$vStatistics$vPeriodicals.
=650  \7$aManufacturing industries.$2fast$0(OCoLC)fst01008071
=651  \7$aIreland.$2fast$0(OCoLC)fst01205427
=655  \7$aPeriodicals.$2fast$0(OCoLC)fst01411641
=655  \7$aStatistics.$2fast$0(OCoLC)fst01132103
=690  7\$aManagement and Business Studies$2blcoll
=710  2\$aAIB Group,$eissuing body.
=710  2\$aIHS Markit (Firm)
=780  00$tInvestec manufacturing PMI Ireland
=856  4\$uhttps://aib.ie/fxcentre/resource-centre/aib-ireland-pmis$zTo subscribe
=856  4\$uhttps://aib.ie/fxcentre/resource-centre/aib-ireland-pmis$zFollow links for archive issues
=859  \\$aELD$bejournal
=985  \\$aVDEP ROI - new 856 added for archive issues - no items here as yet - noticed when doing "Services" 6/5/21.
=CAT  \\$a3072$b40$c20190402$lBLL01$h1231
=CAT  \\$a3072$b40$c20190402$lBLL01$h1232
=CAT  \\$a3072$b40$c20210506$lBLL01$h1237
=CAT  \\$a3072$b40$c20210510$lBLL01$h1001
=CAT  \\$a3072$b40$c20210510$lBLL01$h1012
=CAT  \\$a3072$b40$c20210510$lBLL01$h1042
=FIN  \\$aY$d20190402
=LET  \0$aAIB Ireland manufacturing PMI (Electronic)
=LKR  \\$aPAR$b017814180$lBLL01$nInvestec manufacturing PMI Ireland$mAIB Ireland manufacturing PMI$r78000
=LAS  \\$a3072$b40$c20210510$lBLL01$h1042

