=LDR  01235 as a2200361 i 4500
=001  019365139
=003  Uk
=005  20190411115928.0
=006  m\\\\\|\\d\|\\\\\\
=007  cr\|||||||||||
=008  190411c201u9999enkqr\p\o\\\\\0\\\a0eng\\
=FMT  \\$a  SE
=040  \\$aUk$beng$cUk$erda
=042  \\$aukblsr
=082  04$a338.27282$223
=245  00$aWorld drilling & production market forecast.
=264  \1$aPutney :$bWestwood Global Energy Group
=300  \\$billustrations (colour)
=310  \\$aQuarterly
=336  \\$atext$2rdacontent
=337  \\$acomputer$2rdamedia
=338  \\$aonline resource$2rdacarrier
=588  \\$aDescription based on: 2018/2024, Q1; title from PDF cover.
=650  \0$aPetroleum industry and trade$xStatistics$vPeriodicals.
=650  \0$aPetroleum industry and trade$vStatistics$vPeriodicals.
=650  \0$aMarket surveys$vPeriodicals.
=710  2\$aWestwood Global Energy Group,$eissuing body.
=856  4\$uhttps://www.westwoodenergy.com/publications-shop/$zTo subscribe
=859  \\$aELD$bejournal
=CAT  \\$a8483$b40$c20190411$lBLL01$h1159
=FIN  \\$aY$d20190411
=LET  \0$aWorld drilling and production market forecast (Electronic)
=LAS  \\$a8483$b40$c20190411$lBLL01$h1159

