=LDR  02224 as a2200493 i 4500
=001  019397715
=003  Uk
=005  20210128151805.0
=006  m\\\\\|\\d\|\\\\\\
=007  cr\|||||||||||
=008  190509d20192019enkwn\p\o\\\\o0\\\a0eng\\
=FMT  \\$a  SE
=015  \\$aGBB986450$2bnb
=022  0\$a2632-430X$y1748-7625$202
=040  \\$aUk$beng$cUk$dUk$erda
=042  \\$aukblsr$aissnuk
=082  04$a379.4105$223
=222  \0$aEducation parliamentary monitor. Weekly Whitehall policy papers
=245  00$aEducation parliamentary monitor.$pWeekly Whitehall policy papers.
=246  30$aWeekly Whitehall policy papers
=264  \1$aOakhampton :$bEducation Publishing Worldwide Ltd,$c2018-
=310  \\$aWeekly
=336  \\$atext$2rdacontent
=337  \\$acomputer$2rdamedia
=338  \\$aonline resource$2rdacarrier
=500  \\$aDescription based on: No. 874 (Monday 8 April, 2019); title from Word caption.
=500  \\$aLatest issue consulted: No. 875 (Monday 15 April, 2019).
=520  \\$a"Gives details of all policy papers published by Government departments connected with education, training and children's services".
=610  10$aGreat Britain.$bParliament$vPeriodicals.
=650  \0$aEducation and state$zGreat Britain$vPeriodicals.
=650  \0$aChildren$xServices for$zGreat Britain$vPeriodicals.
=650  \0$aChildren$xGovernment policy$zGreat Britain$vPeriodicals.
=785  00$tEducation parliamentary monitor. Weekly policy papers$x2632-847X
=856  00$uhttp://www.educationpublishing.com/$zTo subscribe
=859  \\$aELD$bejournal
=985  \\$aDescribed as a "new section of Education parliamentary monitor" - caption page - but no. 874 may not be first issue; "Education parliamentary monitor. Weekly consultations - Whitehall" is similar title, but running in parallel.
=CAT  \\$a3072$b40$c20190509$lBLL01$h1611
=CAT  \\$a3072$b40$c20190513$lBLL01$h1134
=CAT  \\$a3072$b40$c20190513$lBLL01$h1135
=CAT  \\$a3072$b40$c20190618$lBLL01$h1740
=CAT  \\$a10932$b40$c20210128$lBLL01$h1518
=FIN  \\$aY$d20190513
=LET  \0$aEducation parliamentary monitor. Weekly Whitehall policy papers (Electronic)
=LAS  \\$a10932$b40$c20210128$lBLL01$h1518

