=LDR  01693 as a2200445 i 4500
=001  019547912
=003  Uk
=005  20190920084955.0
=006  m\\\\\|\\d\|\\\\\\
=007  cr\|||||||||||
=008  190919c20069999enkbr\p\o\\\\\0\\\a0eng\\
=FMT  \\$a  SE
=040  \\$aUk$beng$cUk$erda
=042  \\$aissnuk$aukblsr
=082  04$a338.479141$223
=245  00$aDestination UK.
=264  \1$aBarnsley :$bWharncliffe Publishing
=264  31$a[Barnsley, South Yorkshire] :$b[Script Media Group]
=300  \\$billustrations (colour)
=310  \\$aBimonthly
=336  \\$atext$2rdacontent
=337  \\$acomputer$2rdamedia
=338  \\$aonline resource$2rdacarrier
=362  1\$aPrint began with issue 1 (August 2006).
=588  \\$aDescription based on print version record.
=588  \\$aLatest issue consulted: issue 77 (summer 2019) (issuu.com, viewed September 19, 2019).
=650  \0$aTourism$zGreat Britain$vPeriodicals.
=776  08$iAlso issued in print -2018 as:$tDestination UK
=859  \\$aELD$bejournal
=856  4\$uhttp://www.destination.uk.com/$zFollow links to resource
=856  4\$uhttps://issuu.com/wharncliffe/stacks$zFollow links to resource
=985  \\$aAcquisitions unable to digest at present as the resource on issuu.com is an HTML format document. ED 20/9/19
=CAT  \\$a8483$b40$c20190919$lBLL01$h1443
=CAT  \\$a8483$b40$c20190919$lBLL01$h1446
=CAT  \\$a15190$b40$c20190919$lBLL01$h1459
=CAT  \\$a8483$b40$c20190920$lBLL01$h0849
=FIN  \\$aY$d20190919
=LET  \0$aDestination UK (Electronic)
=LKR  \\$aPAR$b013598399$lBLL01$r776$mDestination UK (Online)$nDestination UK (Print)
=LAS  \\$a8483$b40$c20190920$lBLL01$h0849

