=LDR  01667 as a2200457 i 4500
=001  019649351
=003  Uk
=005  20200129093746.0
=006  m\\\\\|\\d\|\\\\\\
=007  cr\|||||||||||
=008  191218c198u9999enkar\\\o\\\\\0\\\a0eng\\
=FMT  \\$a  SE
=015  \\$aGBC010002$2bnb
=040  \\$aUk$beng$cUk$erda
=042  \\$aukblsr
=082  04$a507.442659$223
=111  2\$aCambridge Science Festival.
=245  10$aUniversity of Cambridge Science Festival.
=246  1\$iMinor title change:$aCambridge Science Festival$f2016-
=246  1\$iWeb link title:$aScience festival programme
=264  \1$a[Cambridge] :$bUniversity of Cambridge
=300  \\$billustrations (colour)
=310  \\$aAnnual
=336  \\$atext$2rdacontent
=337  \\$acomputer$2rdamedia
=338  \\$aonline resource$2rdacarrier
=500  \\$a<2011>-2013 issues also have theme titles.
=588  \\$aDescription based on: 2011 issue; title from PDF cover (publisher's Web site, viewed January 21, 2020).
=588  \\$aLatest issue consulted: 2019 issue (viewed January 21, 2020).
=611  20$aCambridge Science Festival$vCalendars.
=856  4\$uhttps://www.sciencefestival.cam.ac.uk/about/past-festivals$zFollow links to resource
=859  \\$aELD$bejournal
=CAT  \\$a3072$b40$c20191218$lBLL01$h1133
=CAT  \\$a3072$b40$c20191218$lBLL01$h1416
=CAT  \\$a3072$b40$c20200121$lBLL01$h1753
=CAT  \\$a3072$b40$c20200122$lBLL01$h1000
=CAT  \\$a3072$b40$c20200122$lBLL01$h1001
=CAT  \\$a7332$b40$c20200129$lBLL01$h0937
=FIN  \\$aY$d20191218
=LET  \0$aCambridge Science Festival (Electronic)
=LAS  \\$a7332$b40$c20200129$lBLL01$h0937

