=LDR  01696 as a2200457 i 4500
=001  019649521
=003  Uk
=005  20200122095750.0
=006  m\\\\\|\\d\|\\\\\\
=007  cr\|||||||||||
=008  191218c20089999enkar\\\o\\\\\0\\\a0eng\\
=FMT  \\$a  SE
=015  \\$aGBC010001$2bnb
=040  \\$aUk$beng$cUk$erda
=042  \\$aukblsr
=082  04$a001.07442659$223
=111  2\$aCambridge Festival of Ideas.
=245  10$aFestival of !deas /$cUniversity of Cambridge.
=246  13$aFestival of Ideas
=246  1\$iMinor title change:$aCambridge Festival of Ideas$f<2016>-
=246  17$aUniversity of Cambridge Festival of Ideas
=264  \1$a[Cambridge] :$bUniversity of Cambridge
=300  \\$billustrations (black and white, and colour)
=310  \\$aAnnual
=336  \\$atext$2rdacontent
=337  \\$acomputer$2rdamedia
=338  \\$aonline resource$2rdacarrier
=362  0\$a2008-
=500  \\$aTitle from PDF cover (publisher's Web site, viewed January 21, 2020).
=588  \\$aLatest issue consulted: 2018 (viewed January 21, 2020).
=611  20$aCambridge Festival of Ideas$vCalendars.
=856  4\$uhttps://www.festivalofideas.cam.ac.uk/about/past-festivals$zFollow links to resource
=859  \\$aELD$bejournal
=985  \\$aNew heading - seems to be the commonly used name, but alter to "University of Cambridge. Festival of Ideas, if you wish.
=CAT  \\$a3072$b40$c20191218$lBLL01$h1416
=CAT  \\$a3072$b40$c20191218$lBLL01$h1417
=CAT  \\$a3072$b40$c20200121$lBLL01$h1753
=CAT  \\$a3072$b40$c20200122$lBLL01$h0957
=FIN  \\$aY$d20200122
=LET  \0$aCambridge Festival of Ideas (Electronic)
=LAS  \\$a3072$b40$c20200122$lBLL01$h0957

