=LDR  02118 as a2200541 i 4500
=001  019674824
=003  Uk
=005  20200117121505.0
=006  m\\\\\|\\d\|\\\\\\
=007  cr\|||||||||||
=008  200115c20199999stkwr\n\o\\\\\0\\\a0eng\\
=FMT  \\$a  SE
=015  \\$aGBC006683$2bnb
=022  0\$a2633-769X$202
=040  \\$aUk$beng$cUk$erda
=042  \\$aukblsr$aissnuk
=082  04$a079.58$223
=222  \0$aCentral Asia & South Caucasus bulletin
=245  00$aCentral Asia & South Caucasus bulletin.
=246  3\$aCentral Asia and South Caucasus bulletin
=264  \1$aEdinburgh :$bConway News Agency,$c2019-
=300  \\$billustrations (colour)
=310  \\$aWeekly
=336  \\$atext$2rdacontent
=337  \\$acomputer$2rdamedia
=338  \\$aonline resource$2rdacarrier
=362  1\$aBegan in May 2019.
=588  \\$aDescription based on: issue number 427 (November 4, 2019); title from PDF caption.
=588  \\$aLatest issue consulted: issue number 429 (November 22, 2019).
=651  \0$aAsia, Central$vNewspapers.
=651  \0$aCaucasus, South$vNewspapers.
=651  \0$aAsia, Central$xPolitics and government$y21st century$vNewspapers.
=651  \0$aCaucasus, South$xPolitics and government$y21st century$vNewspapers.
=651  \0$aAsia, Central$xEconomic conditions$y21st century$vNewspapers.
=651  \0$aCaucasus, South$xEconomic conditions$y21st century$vNewspapers.
=651  \0$aAsia, Central$xSocial conditions$y21st century$vNewspapers.
=651  \0$aCaucasus, South$xSocial conditions$y21st century$vNewspapers.
=780  00$tConway bulletin$x2397-6624
=856  4\$uhttps://thebulletin.news/$zTo subscribe
=859  \\$aELD$bejournal
=985  \\$aViewed as supplied PDFs only
=CAT  \\$a8124$b40$c20200115$lBLL01$h1445
=CAT  \\$a8124$b40$c20200115$lBLL01$h1449
=CAT  \\$a10973$b40$c20200117$lBLL01$h1215
=FIN  \\$aY$d20200115
=LET  \0$aCentral Asia & South Caucasus bulletin (Electronic)
=LKR  \\$aPAR$b017721768$lBLL01$r78000$mCentral Asia & South Caucasus bulletin$nConway bulletin
=LAS  \\$a10973$b40$c20200117$lBLL01$h1215

