=LDR  01446 as a2200409 i 4500
=001  019687995
=003  Uk
=005  20200127123738.0
=006  m\\\\\|\\d\|\\\\\\
=007  cr\|||||||||||
=008  200127c201u9999enkqr\\\o\s\\\0\\\a0eng\\
=FMT  \\$a  SE
=040  \\$aUk$beng$cUk$erda
=042  \\$aukblsr
=082  04$a338.27453$223
=245  00$aRoskill quarterly review.$pSn.
=246  3\$aRoskill quarterly review.$pTin
=246  1\$iPDF running title:$aRoskill quarterly reviews.$pTin
=264  \1$aLondon :$b[Roskill Information Services Limited]
=300  \\$billustrations (colour)
=310  \\$aQuarterly
=336  \\$atext$2rdacontent
=337  \\$acomputer$2rdamedia
=338  \\$aonline resource$2rdacarrier
=588  \\$aDescription based on: April 2015 issue; title from PDF caption.
=650  \0$aTin industry$vPeriodicals.
=650  \0$aTin industry$xStatistics$vPeriodicals.
=650  \0$aTin industry$xForecasting$vPeriodicals.
=710  2\$aRoskill Information Services,$eissuing body.
=856  4\$uhttps://roskill.com/$zTo subscribe
=859  \\$aELD$bejournal
=985  \\$aViewed as supplied PDF only, embargoed material; DDC - looks like it covers primary and secondary industries.
=CAT  \\$a3072$b40$c20200127$lBLL01$h1127
=CAT  \\$a3072$b40$c20200127$lBLL01$h1237
=FIN  \\$aY$d20200127
=LET  \0$aRoskill quarterly review. Sn (Electronic)
=LAS  \\$a3072$b40$c20200127$lBLL01$h1237

