=LDR  01547nas a2200385 i 4500
=001  020582482
=003  Uk
=005  20220512083659.0
=007  cr\|||||||||||
=008  220512c200u9999nikhr\p\\\\\\o0\\\a0eng\\
=FMT  \\$a  SE
=015  \\$aGBC284533$2bnb
=040  \\$aUk$beng$cUk$erda
=042  \\$aukblsr
=082  04$a362.8809416$223
=110  1\$aNorthern Ireland.$bCommission for Victims and Survivors,$eauthor.
=245  10$aCorporate plan /$cCommission for Victims and Survivors.
=246  1\$iWebsite list title:$aCVSNI corporate plan
=264  \1$a[Belfast] :$b[Commission for Victims and Survivors]
=300  \\$billustrations (colour)
=310  \\$aTriennial
=336  \\$atext$2rdacontent
=337  \\$acomputer$2rdamedia
=338  \\$aonline resource$2rdacarrier
=588  \\$aDescription based on: 2014/2017; title from PDF cover (CVSNI website, viewed May 12, 2022).
=588  \\$aLatest issue consulted: 2012/2022, viewed May 12, 2022.
=610  10$aNorthern Ireland.$bCommission for Victims and Survivors$vPeriodicals.
=610  10$aNorthern Ireland.$bCommission for Victims and Survivors$xPlanning$vPeriodicals.
=856  4\$uhttps://www.cvsni.org/library/corporate-documents/corporate-publications/$zFollow links to resource
=859  \\$aELD$bejournal
=CAT  \\$a8483$b40$c20220512$lBLL01$h0835
=CAT  \\$a8483$b40$c20220512$lBLL01$h0836
=FIN  \\$aY$d20220512
=LET  \0$aCommission for Victims and Survivors Northern Ireland corporate plan (Electronic)
=LAS  \\$a8483$b40$c20220512$lBLL01$h0836

