=LDR  01620nas a2200421 i 4500
=001  020582551
=003  Uk
=005  20220512100642.0
=006  m\\\\\|\\d\|\\\\\\
=007  cr\|||||||||||
=008  220512c201u9999nik\x\p\o\\\\o0\\\a0eng\\
=FMT  \\$a  SE
=040  \\$aUk$beng$cUk$erda
=042  \\$aukblsr
=082  04$a353.53709416$223
=110  2\$aCommissioner for Older People for Northern Ireland,$eauthor.
=245  10$aCOPNI e-briefing.
=246  3\$aCommissioner for Older People for Northern Ireland e-briefing
=264  \1$a[Belfast] :$b[Commissioner for Older People for Northern Ireland]
=300  \\$billustrations (colour)
=310  \\$aIrregular
=336  \\$atext$2rdacontent
=337  \\$acomputer$2rdamedia
=338  \\$aonline resource$2rdacarrier
=362  0\$a-winter 2018/2019.
=588  \\$aDescription based on: spring/summer 2015 issue; tiitle from PDF caption (COPNI website, viewed May 12, 2022).
=588  \\$aLast issue consulted: winter 2018/2019, viewed May 12, 2022.
=610  20$aCommissioner for Older People for Northern Ireland$vPeriodicals.
=650  \0$aOlder people$xServices for$zNorthern Ireland$vPeriodicals.
=650  \0$aOlder people$xCare$zNorthern Ireland$vPeriodicals.
=776  08$iAlso issued in print as:
=785  00$aCommissioner for Older People for Northern Ireland.$tNewsletter
=856  4\$uhttps://www.copni.org/publications$zFollow links to resource
=859  \\$aELD$bejournal
=CAT  \\$a8483$b40$c20220512$lBLL01$h1006
=FIN  \\$aY$d20220512
=LET  \0$aCOPNI e-briefing (Electronic)
=LAS  \\$a8483$b40$c20220512$lBLL01$h1006

