=LDR  01725nas a2200469 i 4500
=001  020582613
=003  Uk
=005  20220512152217.0
=006  m\\\\\|\\d\|\\\\\\
=007  cr\|||||||||||
=008  220512c201u9999nikqr\p\o\s\\\0\\\a0eng\\
=FMT  \\$a  SE
=015  \\$aGBC284564$2bnb
=040  \\$aUk$beng$cUk$erda
=042  \\$aukblsr
=082  04$a338.09415$223
=130  0\$aBusiness monitor (InterTradeIreland (Organization))
=245  10$aBusiness monitor /$cInterTradeIreland.
=264  \1$aNewry :$bInterTradeIreland
=300  \\$billustrations (colour)
=310  \\$aQuarterly
=336  \\$atext$2rdacontent
=337  \\$acomputer$2rdamedia
=338  \\$aonline resource$2rdacarrier
=588  \\$aDescription based on: 2015/Q1 ; title from PDF caption (niopa.qub.ac.uk, viewed May 12, 2022).
=588  \\$aLatest issue consulted: 2021/Q1 (viewed May 12, 2022).
=650  \0$aBusiness$zIreland$vStatistics$vPeriodicals.
=650  \0$aBusiness$zNorthern Ireland$vStatistics$vPeriodicals.
=650  \0$aBusiness enterprises$zIreland$vPeriodicals.
=650  \0$aBusiness enterprises$zNorthern Ireland$vPeriodicals.
=650  \0$aIndustrial surveys$zIreland$vPeriodicals.
=650  \0$aIndustrial surveys$zNorthern Ireland$vPeriodicals.
=710  2\$aInterTradeIreland (Organization),$eissuing body.
=856  4\$uhttps://intertradeireland.com/$zTo search
=859  \\$aELD$bejournal
=985  \\$aWFH record (CS) 2022
=CAT  \\$a8124$b40$c20220512$lBLL01$h1131
=CAT  \\$a8124$b40$c20220512$lBLL01$h1210
=CAT  \\$a8124$b40$c20220512$lBLL01$h1522
=FIN  \\$aY$d20220512
=LET  \0$aBusiness monitor - InterTradeIreland (Electronic)
=LAS  \\$a8124$b40$c20220512$lBLL01$h1522

