=LDR  01748nas a2200433 i 4500
=001  020582744
=003  Uk
=005  20220512135245.0
=006  m\\\\\|\\d\|\\\\\\
=007  cr\|||||||||||
=008  220512c201u9999nikar\\\o\\\\\0\\\a0eng\\
=FMT  \\$a  SE
=015  \\$aGBC284586$2bnb
=040  \\$aUk$beng$cUk$erda
=042  \\$aukblsr
=082  04$a353.53709416$223
=110  2\$aCommissioner for Older People for Northern Ireland,$eauthor.
=245  10$aCOPNI business plan /$cCommissioner for Older People for Northern Ireland.
=246  30$aBusiness plan
=246  3\$aCommissioner for Older People for Northern Ireland business plan
=264  \1$a[Belfast] :$bCommissioner for Older People for Northern Ireland
=310  \\$aAnnual
=336  \\$atext$2rdacontent
=337  \\$acomputer$2rdamedia
=338  \\$aonline resource$2rdacarrier
=588  \\$aDescription based on: 2013/2014 issue ; title from PDF cover (copni.org, viewed May 12, 2022).
=588  \\$aLatest issue consulted: 2018/2019 (viewed May 12, 2022).
=610  20$aCommissioner for Older People for Northern Ireland$xPlanning$vPeriodicals.
=650  \0$aOlder people$xServices for$zNorthern Ireland$vPeriodicals.
=650  \0$aOlder people$xGovernment policy$zNorthern Ireland$vPeriodicals.
=690  7\$aManagement and Business Studies$2blcoll
=856  4\$uhttps://www.copni.org/publications$zTo search
=859  \\$aELD$bejournal
=985  \\$aContinues Corporate plan? print version on 016487653
=985  \\$aWFH record (CS) 2022
=CAT  \\$a8124$b40$c20220512$lBLL01$h1352
=FIN  \\$aY$d20220512
=LET  \0$aCOPNI business plan - Commissioner for Older People for Northern Ireland (Electronic)
=LAS  \\$a8124$b40$c20220512$lBLL01$h1352

