=LDR  01534 as a2200385 i 4500
=001  017561736
=003  Uk
=005  20151001121034.0
=006  m\\\\\|\\d\|\\\\\\
=007  cr\|||||||||||
=008  151001c201u9999enkqr\\\o\\\\\0\\\a0eng\\
=FMT  \\$a  SE
=015  \\$aGBB5E1156$2bnb
=040  \\$aUk$beng$cUk$erda
=042  \\$aukblsr
=082  04$a330.94285$223
=245  00$aTees Valley quarterly economic review :$ban up to date analysis of economic, business and labour market trends across the Tees Valley /$cTees Valley Unlimited.
=264  \1$a[Tees Valley] :$bTees Valley Unlimited
=300  \\$billustrations (colour)
=310  \\$aQuarterly
=336  \\$atext$2rdacontent
=337  \\$acomputer$2rdamedia
=338  \\$aonline resource$2rdacarrier
=588  \\$aDescription based on: December 2014 issue; title from PDF caption (publisher's Web site, viewed October 1, 2015).
=588  \\$aLatest issue consulted: September 2015 (viewed October 1, 2015).
=651  \0$aTees River Valley (England)$xEconomic conditions$vPeriodicals.
=710  2\$aTees Valley Unlimited,$eissuing body.
=856  4\$uhttps://www.teesvalleyunlimited.gov.uk/tees-valley-unlimited/tees-valley-statistics.aspx$zTo search
=859  \\$aELD$bejournal
=CAT  \\$a3072$b40$c20151001$lBLL01$h1209
=CAT  \\$a3072$b40$c20151001$lBLL01$h1210
=CAT  \\$aW1711-1005$c20171206$lBLL01$h1828
=FIN  \\$aY$d20151001
=LET  \0$aTees Valley quarterly economic review (Electronic)
=LAS  \\$aW1711-1005$b00$c20171206$lBLL01$h1828

