=LDR  01621 as a2200445 i 4500
=001  017590406
=003  Uk
=005  20151023115731.0
=006  m\\\\\|\\d\|\\\\\\
=007  cr\|||||||||||
=008  151023c19uu9999enkuu|p\o\\\\\0\\\a0eng\\
=FMT  \\$a  SE
=040  \\$aUk$beng$cUk$erda
=042  \\$aukblsr
=082  04$a230.046240720411$223
=110  2\$aRutherford House,$eauthor.
=245  10$aRutherford House newsletter.
=246  3\$aRutherford House :$b[newsletter],$f<summer 2011- >
=246  1\$iAlso known as:$aRH newsletter
=264  \1$aEdinburgh :$bRutherford House
=300  \\$billustrations (colour)
=321  \\$aSemiannual
=336  \\$atext$2rdacontent
=337  \\$acomputer$2rdamedia
=338  \\$aonline resource$2rdacarrier
=588  \\$aDescription based on print version record.
=588  \\$aLatest issue consulted: winter 2015 (email, sent October 22, 2015).
=610  20$aRutherford House$vPeriodicals.
=650  \0$aPostconservative theology$xResearch$zScotland$vPeriodicals.
=776  08$iPrint version, -<2011>:$tRutherford House newsletter
=856  4\$uhttp://rutherfordhouse.co.uk/$zTo subscribe
=859  \\$aELD$bejournal
=CAT  \\$a11316$b40$c20151023$lBLL01$h1154
=CAT  \\$a11316$b40$c20151023$lBLL01$h1155
=CAT  \\$a11316$b40$c20151023$lBLL01$h1157
=CAT  \\$aW1711-1005$c20171206$lBLL01$h1828
=FIN  \\$aY$d20151023
=LET  \0$aRutherford House newsletter (Electronic)
=LKR  \\$aPAR$b007222929$lBLL01$nRutherford House newsletter (Print)$mRutherford House newsletter (Online)$r776
=LAS  \\$aW1711-1005$b00$c20171206$lBLL01$h1828

