=LDR  02123 as a2200421 i 4500
=001  017683588
=003  Uk
=005  20160818161937.0
=006  m\\\\\|\\d\|\\\\\\
=007  cr\|||||||||||
=008  151230d19uu201uenkuu\p\o\\\\\0\\\a0eng\\
=FMT  \\$a  SE
=040  \\$aUk$beng$cUk$dUk$erda
=042  \\$aukblsr
=082  04$a769.5695505$223
=130  0\$aWorksheet (Iran Philatelic Study Circle)
=245  10$aWorksheet /$cIran Philatelic Study Circle.
=260  \\$a[Leeds] :$bIran Philatelic Study Circle
=336  \\$atext$2rdacontent
=337  \\$acomputer$2rdamedia
=338  \\$aonline resource$2rdacarrier
=588  \\$aDescription based on print version record.
=588  \\$aLatest issue consulted: number 53 (October 2010) (publisher's Web site viewed December 30, 2015).
=650  \0$aPostage stamps$zIran$vPeriodicals.
=650  \0$aPostage stamps$zIran$xHistory$vPeriodicals.
=650  \0$aPostal stationery$zIran$xHistory$vPeriodicals.
=650  \0$aPostal service$zIran$xHistory$vPeriodicals.
=710  2\$aIran Philatelic Study Circle.
=776  08$iAlso issued in print as:$tWorksheet (Iran Philatelic Study Circle)
=856  4\$uhttp://www.iranphilately.org/$zFor membership access
=859  \\$aELD$bejournal
=985  \\$aSally F. note: "I have created a new record for the Bulletin on 017683218. I have also created a new record for the Worksheet on 017683588. It seemed best to catalogue it at this stage as we are able to see an issue on the Website but as you say we have up to issue 54 in print. Let me know if you decide not to use the record and I will either add a note or delete it" - 30.12.15; Query from LDO-E checked Website, but can't find any issues after number 53 (October 2010) & no mention of being currently published, so have closed both the online and print - GC 18.8.16.
=CAT  \\$a11316$b40$c20151230$lBLL01$h0840
=CAT  \\$a3072$b40$c20160818$lBLL01$h1619
=CAT  \\$aW1711-1005$c20171206$lBLL01$h1829
=FIN  \\$aY$d20151230
=LET  \0$aWorksheet (Iran Philatelic Study Circle) (Electronic)
=LAS  \\$aW1711-1005$b00$c20171206$lBLL01$h1829

