=LDR  02053aas a2200541 i 4500
=001  017721768
=003  Uk
=005  20200115144910.0
=006  m\\\\\\\\d\|\\\\\\
=007  cr||||||||||||
=008  160202d20102019stkwr\n\o\\\\\0\\\a0eng\\
=FMT  \\$a  SE
=015  \\$aGBC006684$2bnb
=022  0\$a2397-6624$202
=040  \\$aUk$beng$cUk$erda
=042  \\$aissnuk$aukblsr
=082  04$a079.58$223
=222  \4$aThe Conway bulletin
=245  04$aThe Conway bulletin.
=264  \1$aEdinburgh :$bCross Fell Ltd,$c2010-2019.
=300  \\$billustrations (colour)
=310  \\$aWeekly
=336  \\$atext$2rdacontent
=337  \\$acomputer$2rdamedia
=338  \\$aonline resource$2rdacarrier
=362  1\$aBegan in 2010 ; ceased in May 2019.
=588  \\$aDescription based on: issue no. 250 (Oct. 2, 2015); title from PDF header (viewed February 2, 2016).
=588  \\$aLatest issue consulted: issue number 352 (November 27, 2017).
=651  \0$aAsia, Central$vNewspapers.
=651  \0$aCaucasus, South$vNewspapers.
=651  \0$aAsia, Central$xPolitics and government$y21st century$vNewspapers.
=651  \0$aCaucasus, South$xPolitics and government$y21st century$vNewspapers.
=651  \0$aAsia, Central$xEconomic conditions$y21st century$vNewspapers.
=651  \0$aCaucasus, South$xEconomic conditions$y21st century$vNewspapers.
=651  \0$aAsia, Central$xSocial conditions$y21st century$vNewspapers.
=651  \0$aCaucasus, South$xSocial conditions$y21st century$vNewspapers.
=785  00$tCentral Asia & South Caucasus bulletin$x2633-769X
=856  40$uhttp://theconwaybulletin.com/$zTo subscribe
=859  \\$aELD$bejournal
=985  \\$aCataloguing - viewed as supplied PDFs only
=CAT  \\$a10806$b40$c20160202$lBLL01$h0907
=CAT  \\$a10806$b40$c20160202$lBLL01$h0908
=CAT  \\$a8124$b40$c20200115$lBLL01$h1444
=CAT  \\$a8124$b40$c20200115$lBLL01$h1449
=FIN  \\$aY$d20160202
=LET  \4$aThe Conway bulletin (Electronic)
=MNI  \\$a2397-6624
=LAS  \\$a8124$b40$c20200115$lBLL01$h1449

