=LDR  01293 as a2200397 i 4500
=001  017838049
=003  Uk
=005  20210126094704.0
=006  m\\\\\|\\d\|\\\\\\
=007  cr\|||||||||||
=008  160505d201u2016enkwr\p\o\\\\\0\\\a0eng\\
=FMT  \\$a  SE
=040  \\$aUk$beng$cUk$erda
=042  \\$aukblsr
=082  04$a333.7909416$223
=245  00$aIreland energy weekly bulletin.
=264  \1$a[Norwich] :$bCornwall Energy
=310  \\$aWeekly
=336  \\$atext$2rdacontent
=337  \\$acomputer$2rdamedia
=338  \\$aonline resource$2rdacarrier
=362  1\$aCeased in 2016.
=588  \\$aDescription based on: week ending 25 March 2016; title from PDF caption.
=650  \0$aEnergy industries$zNorthern Ireland$vPeriodicals.
=650  \0$aEnergy policy$zNorthern Ireland$vPeriodicals.
=710  2\$aCornwall Energy Associates.
=785  00$tIreland weekly bulletin
=856  4\$uhttp://www.cornwallenergy.com/$zTo subscribe
=859  \\$aELD$bejournal
=985  \\$aIssue only seen via email, not on website.
=CAT  \\$a8483$b40$c20160505$lBLL01$h1350
=CAT  \\$a8483$b40$c20170616$lBLL01$h0952
=CAT  \\$aW1711-1005$c20171206$lBLL01$h1829
=CAT  \\$a6490$b40$c20210126$lBLL01$h0947
=FIN  \\$aY$d20160505
=LAS  \\$a6490$b40$c20210126$lBLL01$h0947

