=LDR  01545 as a2200457 i 4500
=001  018169700
=003  Uk
=005  20170116104503.0
=006  m\\\\\|\\d\|\\\\\\
=007  cr\|||||||||||
=008  170110d20uu2013enkmr\p\o\\\\\0\\\a0eng\\
=FMT  \\$a  SE
=015  \\$aGBB702805$2bnb
=040  \\$aUk$beng$cUk$erda
=042  \\$aukblsr
=082  04$a338.2364$223
=245  00$aFMB phosphates monthly report.
=246  17$aFMB monthly report phosphates
=264  \1$a[London] :$bFMB, an Argus Media Company,$c-2013.
=300  \\$billustrations
=310  \\$aMonthly
=336  \\$atext$2rdacontent
=337  \\$acomputer$2rdamedia
=338  \\$aonline resource$2rdacarrier
=588  \\$aDescription based on: issue 36 (January 2013); title from PDF caption.
=650  \0$aPhosphate industry$vPeriodicals.
=650  \0$aPhosphate industry$vForecasting$vPeriodicals.
=650  \0$aMarket surveys$vPeriodicals.
=690  7\$aManagement and Business Studies$2blcoll
=710  2\$aArgus Media (Agency)
=710  2\$aFMB Consultants,$eissuing body.
=785  00$tArgus FMB monthly phosphates outlook$x2052-0735
=856  4\$uhttp://www.argusmedia.com/fertilizer/$zTo subscribe
=859  \\$aELD$bejournal
=CAT  \\$a3072$b40$c20170110$lBLL01$h1226
=CAT  \\$a3072$b40$c20170110$lBLL01$h1349
=CAT  \\$a7332$b40$c20170116$lBLL01$h1045
=CAT  \\$aW1711-1005$c20171206$lBLL01$h1830
=FIN  \\$aY$d20170110
=LET  \0$aFMB phosphates monthly report (Electronic)
=LAS  \\$aW1711-1005$b00$c20171206$lBLL01$h1830

