=LDR  01609 as a2200421 i 4500
=001  018182268
=003  Uk
=005  20170118100403.0
=006  m\\\\\|\\d\|\\\\\\
=007  cr\|||||||||||
=008  170118d20072010enk\r\p\o\\\\\0\\\a0eng\\
=FMT  \\$a  SE
=040  \\$aUk$beng$cUk$erda
=042  \\$aukblsr
=082  04$a658.408$223
=110  2\$aSerco Group,$eauthor.
=245  10$aCorporate responsibility review /$cSerco.
=264  \1$aHook :$bSerco Group plc
=300  \\$billustrations (colour)
=310  \\$aAnnual
=336  \\$atext$2rdacontent
=337  \\$acomputer$2rdamedia
=338  \\$aonline resource$2rdacarrier
=500  \\$aTitle from PDF cover (Serco Web site, viewed January 18, 2017).
=588  \\$aLatest issue consulted: 2010 (viewed January 18, 2017).
=610  20$aSerco Group$vPeriodicals.
=650  \0$aSocial responsibility of business$vPeriodicals.
=776  08$iAlso issued in print as:$aSerco Group.$tCorporate responsibility review
=780  00$aSerco Group.$tCorporate responsibility report
=785  00$aSerco Group.$sCorporate responsibility report (2011)
=856  4\$uhttps://dev-www.serco.com/about/corporate-responsibility$zFollow links to resource
=859  \\$aELD$bejournal
=985  \\$aPrint record at 017863627. No Aleph LKR at time of cataloguing in case decision taken not to ingest former title.
=CAT  \\$a8483$b40$c20170118$lBLL01$h1004
=CAT  \\$aW1711-1005$c20171206$lBLL01$h1830
=FIN  \\$aY$d20170118
=LET  \0$aCorporate responsibility review - Serco Group (Electronic)
=LAS  \\$aW1711-1005$b00$c20171206$lBLL01$h1830

