=LDR  01887 as a2200445 i 4500
=001  018218552
=003  Uk
=005  20170503135013.0
=006  m\\\\\|\\d\|\\\\\\
=007  cr\|||||||||||
=008  170208c201u9999wlkar\\\o\\\\\0\\\a0eng\\
=FMT  \\$a  SE
=015  \\$aGBB721350$2bnb
=040  \\$aUk$beng$cUk$dUk$erda
=042  \\$aukblsr
=082  04$a700.79429$223
=110  2\$aArts Council of Wales,$eauthor.
=245  10$aCreative Wales Awards :$bapplication guidance & help notes /$cCyngor Celfyddydau Cymru.
=264  \1$a[Cardiff] :$bCyngor Celfyddydau Cymru, Arts Council of Wales
=310  \\$aAnnual
=336  \\$atext$2rdacontent
=337  \\$acomputer$2rdamedia
=338  \\$aonline resource$2rdacarrier
=580  \\$aIssued also in Welsh.
=588  \\$aDescription based on: 2016/2017 issue; title from PDF cover (publisher's Web site, viewed February 8, 2017).
=610  20$aArts Council of Wales$vPeriodicals.
=650  \0$aArts$xAwards$zWales$vPeriodicals.
=775  1\$aArts Council of Wales.$tCreative Wales Awards : application guidance & help notes. Welsh. Dyfarniadau Cymru Greadigol : canllawiau i ymgeiswyr a'r nodiadau cymorth hanfodol
=856  4\$uhttp://www.arts.wales/$zTo search
=859  \\$aELD$bejournal
=CAT  \\$a3072$b40$c20170208$lBLL01$h1739
=CAT  \\$a3072$b40$c20170209$lBLL01$h1114
=CAT  \\$a3072$b40$c20170209$lBLL01$h1123
=CAT  \\$a3072$b40$c20170209$lBLL01$h1127
=CAT  \\$a3072$b40$c20170503$lBLL01$h1350
=CAT  \\$aW1711-1005$c20171206$lBLL01$h1830
=FIN  \\$aY$d20170209
=LET  \0$aCreative Wales Awards : application guidance & help notes (Electronic)
=LKR  \\$aPAR$b018218549$lBLL01$nDyfarniadau Cymru Greadigol : canllawiau i ymgeiswyr a'r nodiadau cymorth hanfodol$mCreative Wales Awards : application & guidance notes$r775
=LAS  \\$aW1711-1005$b00$c20171206$lBLL01$h1830

