=LDR  02078 as a2200553 i 4500
=001  018261037
=003  Uk
=005  20180620082509.0
=006  m\\\\\\\\d\|\\\\\\
=007  cr||||||||||||
=008  170313d20092017enkqr\p\o\\\\\0\\\a0eng\\
=FMT  \\$a  SE
=022  0\$a2514-4413$202
=040  \\$aUk$beng$cUk$erda
=042  \\$aissnuk$aukblsr
=082  04$a820.80092$223
=222  \0$aPopshot$b(Online)
=245  00$aPopshot.
=246  1\$iMinor title change to:$aPopshot magazine,$fissue 8 (A/W 2012)-
=264  \1$a[Pontypool] :$bZenith Media
=264  31$a[London] :$b[Chelsea Magazine Company Ltd]
=300  \\$billustrations (colour)
=310  \\$aQuarterly
=321  \\$aThree issues yearly
=336  \\$atext$2rdacontent
=337  \\$acomputer$2rdamedia
=338  \\$aonline resource$2rdacarrier
=362  0\$a-issue 18 (A/W 2017).
=500  \\$aLater issues carry subtitle: the illustrated magazine of new writing.
=588  \\$aDescription based on: Issue 8 (A/W 2012); title from cover, viewed via Exact Editions website, March 13 2017.
=588  \\$aLatest issue consulted: issue 18 (A/W 2017) (issuu.com, viewed June 7, 2018).
=650  \0$aEnglish poetry$y21st century$vPeriodicals.
=650  \0$aShort stories, English$y21st century$vPeriodicals.
=776  08$iAlso issued in print as:$tPopshot$x2041-4382
=785  00$tPopshot quarterly$x2517-2735
=856  4\$uhttps://login.exacteditions.com/login$zTo subscribe
=859  \\$aELD$bejournal
=856  4\$uhttp://www.popshotpopshot.com/$zTo subscribe
=CAT  \\$a11313$b40$c20170313$lBLL01$h1533
=CAT  \\$a11205$b40$c20171025$lBLL01$h1053
=CAT  \\$a11315$b40$c20171025$lBLL01$h1125
=CAT  \\$a8483$b40$c20180607$lBLL01$h1436
=CAT  \\$a8483$b40$c20180607$lBLL01$h1437
=CAT  \\$a8483$b40$c20180607$lBLL01$h1455
=CAT  \\$a10806$b40$c20180620$lBLL01$h0825
=FIN  \\$aY$d20170313
=LET  \0$aPopshot magazine (Electronic)
=LKR  \\$aPAR$b015298447$lBLL01$r776$mPopshot (Online)$nPopshot (Print)
=LAS  \\$a10806$b40$c20180620$lBLL01$h0825

