=LDR  01652cas a2200397 i 4500
=001  018349603
=003  Uk
=005  20220809102723.0
=006  m\\\\\|\\d\|\\\\\\
=007  cr\|||||||||||
=008  170523d201u2016enk\r\\\o\\\\\0\\\a0eng\\
=FMT  \\$a  SE
=040  \\$aUk$beng$cUk$erda
=042  \\$aukblsr
=082  04$a634.906041$223
=110  2\$aSmall Woods Association,$eauthor.
=245  10$aAccounts for the year ended 31 March ... /$cSmall Woods Association.
=264  \1$a[Telford] :$bSmall Woods Association,$c[not after 2013]-2016.
=310  \\$aAnnual
=336  \\$atext$2rdacontent
=337  \\$acomputer$2rdamedia
=338  \\$aonline resource$2rdacarrier
=588  \\$aDescription based on: 2016 ; title from PDF cover (Smallwoods.org.uk, viewed May 23, 2017).
=610  20$aSmall Woods Association$xFinance$vPeriodicals.
=776  08$iAlso issued in print as:$aSmall Woods Association.$tAccounts for the year ended 31 March,$g-2015
=785  00$aSmall Woods Association.$tAnnual report and financial statements
=856  4\$uhttp://smallwoods.org.uk/about-us/annual-report-accounts/$zFollow links to resource
=859  \\$aELD$bejournal
=CAT  \\$a8124$b40$c20170523$lBLL01$h1009
=CAT  \\$aW1711-1005$c20171206$lBLL01$h1830
=CAT  \\$a8124$b40$c20200824$lBLL01$h0909
=CAT  \\$a8483$b40$c20220809$lBLL01$h1027
=FIN  \\$aY$d20170523
=LET  \0$aAccounts for the year ended 31 March - Small Woods Association (Electronic)
=LKR  \\$aPAR$b015506947$lBLL01$r776$mAccounts for the year ended 31 March (Online)$nAccounts for the year ended 31 March (Print)
=LAS  \\$a8483$b40$c20220809$lBLL01$h1027

