=LDR  01508 as a2200421 i 4500
=001  016430261
=003  Uk
=005  20130801120610.0
=006  m\\\\\|\\d\|\\\\\\
=007  cr\|||||||||||
=008  130612d201u2011nikuu\p\o\\\\\0\\\a0eng\\
=FMT  \\$a  SE
=015  \\$aGBB367182$2bnb
=040  \\$aUk$beng$cUk$erda
=042  \\$aukblsr
=082  04$a361.3709416705$223
=245  00$aBefriending projects newsletter.
=264  \1$aBelfast :$bVolunteer Now
=300  \\$billustrations (colour)
=336  \\$atext$2rdacontent
=337  \\$acomputer$2rdamedia
=338  \\$aonline resource$2rdacarrier
=362  0\$a-Autumn 2011.
=500  \\$aCeased publication.
=588  \\$aDescription based on: Spring 2011 issue; title from PDF caption (publisher's Web site, viewed August 1, 2013).
=588  \\$aLatest issue consulted: Autumn 2011 (viewed August 1, 2013).
=650  \0$aVolunteers$zNorthern Ireland$zBelfast$vPeriodicals.
=690  7\$aSocial Welfare$2blcoll
=710  2\$aVolunteer Now (Organization),$eissuing body.
=856  4\$uhttp://www.volunteernow.co.uk/publications/?category=10&type=0&Search.x=31&Search.y=9$zFollow links to resource
=859  \\$aELD$bejournal
=CAT  \\$a8411$b40$c20130612$lBLL01$h1118
=CAT  \\$a3072$b40$c20130801$lBLL01$h1158
=CAT  \\$a3072$b40$c20130801$lBLL01$h1206
=CAT  \\$aBATCH-SWP$c20130810$lBLL01$h0027
=CAT  \\$aW1711-1005$c20171206$lBLL01$h1825
=FIN  \\$aY$d20130801
=LAS  \\$aW1711-1005$b00$c20171206$lBLL01$h1825

