=LDR  01941 as a2200481 i 4500
=001  016459261
=003  Uk
=005  20210125093539.0
=006  m\\\\\|\\d\|\\\\\\
=007  cr\|||||||||||
=008  130726d201u2013enkwr\p\o\\\\\0\\\a0eng\\
=FMT  \\$a  SE
=022  \\$a2056-8223$y1748-7625$202
=040  \\$aUk$beng$cUk$erda
=042  \\$aukblsr$aissnuk
=082  04$a379.411$223
=222  \0$aEducation and training parliamentary monitor. Scotland$b(Online)
=245  00$aEducation and training parliamentary monitor.$pScotland :$bcovering further and higher education and training and skills issues.
=246  1\$iAlso known as:$aETPM Scotland
=250  \\$aWeekly edition.
=264  \1$aCrediton :$bEducation Publishing Worldwide Ltd
=310  \\$aWeekly
=336  \\$atext$2rdacontent
=337  \\$acomputer$2rdamedia
=338  \\$aonline resource$2rdacarrier
=362  1\$aCeased in December 2013.
=588  \\$aDescription based on: number 610 (Monday 24 June 2013); title from PDF caption (email, sent July 31, 2013).
=588  \\$aLatest issue consulted: number 635 (Monday 23 December, 2013) (sent December 30, 2013).
=610  10$aGreat Britain.$bParliament$vPeriodicals.
=650  \0$aHigher education and state$zScotland$vPeriodicals.
=650  \0$aEducation, Higher$zScotland$vPeriodicals.
=650  \0$aAdult education$zScotland$vPeriodicals.
=650  \0$aVocational education$zScotland$vPeriodicals.
=785  00$tEducation and training parliamentary monitor. Weekly debates. Scotland$x2056-8231
=856  4\$uhttp://www.educationpublishing.com/$zTo subscribe
=859  \\$aELD$bejournal
=CAT  \\$a11433$b40$c20130726$lBLL01$h1237
=CAT  \\$a11316$b40$c20140919$lBLL01$h1130
=CAT  \\$a7792$b40$c20160810$lBLL01$h0843
=CAT  \\$aW1711-1005$c20171206$lBLL01$h1825
=CAT  \\$a6490$b40$c20210125$lBLL01$h0935
=FIN  \\$aY$d20140919
=LAS  \\$a6490$b40$c20210125$lBLL01$h0935

