=LDR  01999 as a2200505 i 4500
=001  016459270
=003  Uk
=005  20210125093956.0
=006  m\\\\\|\\d\|\\\\\\
=007  cr\|||||||||||
=008  130726d201u2013enkwr\p\o\\\\\0\\\a0eng\\
=FMT  \\$a  SE
=022  \\$a2056-8207$y1748-7625$202
=040  \\$aUk$beng$cUk$erda
=042  \\$aukblsr$aissnuk
=082  04$a379.429$223
=222  \0$aEducation & training parliamentary monitor. Wales/Cymru$b(Online)
=245  00$aEducation & training parliamentary monitor.$pWales/Cymru.
=246  3\$aEducation and training parliamentary monitor.$pWales/Cymru
=246  1\$iAlso known as:$aETPM Wales/Cymru
=250  \\$aWeekly edition.
=264  \1$aCrediton :$bEducation Publishing Worldwide Ltd,$c-2013.
=310  \\$aWeekly
=336  \\$atext$2rdacontent
=337  \\$acomputer$2rdamedia
=338  \\$aonline resource$2rdacarrier
=362  1\$aCeased in December 2013.
=588  \\$aDescription based on: number 610 (Monday 24 June 2013); title from PDF caption (email, sent August 8, 2013).
=588  \\$aLatest issue consulted: number 634 (Monday 16 December, 2013) (sent December 30, 2013).
=610  10$aGreat Britain.$bParliament$vPeriodicals.
=650  \0$aHigher education and state$zWales$vPeriodicals.
=650  \0$aEducation, Higher$zWales$vPeriodicals.
=650  \0$aAdult education$zWales$vPeriodicals.
=650  \0$aVocational education$zWales$vPeriodicals.
=785  00$tEducation & training parliamentary monitor. Weekly debates. Wales /Cymru$x2056-8215
=856  4\$uhttp://www.educationpublishing.com/$zTo subscribe
=859  \\$aELD$bejournal
=CAT  \\$a11433$b40$c20130726$lBLL01$h1301
=CAT  \\$a11316$b40$c20140919$lBLL01$h1037
=CAT  \\$a11316$b40$c20140919$lBLL01$h1103
=CAT  \\$a11316$b40$c20140919$lBLL01$h1116
=CAT  \\$aW1711-1005$c20171206$lBLL01$h1825
=CAT  \\$a6490$b40$c20210125$lBLL01$h0939
=FIN  \\$aY$d20140919
=LAS  \\$a6490$b40$c20210125$lBLL01$h0939

