=LDR  02151 as a2200517 i 4500
=001  016459275
=003  Uk
=005  20210125100238.0
=006  m\\\\\|\\d\|\\\\\\
=007  cr\|||||||||||
=008  130726d201u2013enkwr\p\o\\\\\0\\\a0eng\\
=FMT  \\$a  SE
=022  \\$a2056-8185$y1748-7625$202
=040  \\$aUk$beng$cUk$dUk$erda
=042  \\$aukblsr$aissnuk
=082  04$a379.416$223
=222  \0$aEducation and training parliamentary monitor. Northern Ireland$b(Online)
=245  00$aEducation and training parliamentary monitor.$pNorthern Ireland :$bcovering further and higher education, training and skills.
=246  1\$iAlso known as:$aETPM Northern Ireland
=250  \\$aWeekly edition.
=264  \1$aCrediton :$bEducation Publishing Worldwide Ltd
=310  \\$aWeekly
=336  \\$atext$2rdacontent
=337  \\$acomputer$2rdamedia
=338  \\$aonline resource$2rdacarrier
=362  1\$aCeased in December 2013.
=588  \\$aDescription based on: number 610 (Monday 24 June 2013); title from PDF caption (email, sent August 8, 2013).
=588  \\$aLatest issue consulted: number 633 (Monday 9 December, 2013) (sent December 18, 2013).
=610  10$aGreat Britain.$bParliament$vPeriodicals.
=650  \0$aHigher education and state$zNorthern Ireland$vPeriodicals.
=650  \0$aEducation, Higher$zNorthern Ireland$vPeriodicals.
=650  \0$aAdult education$zNorthern Ireland$vPeriodicals.
=650  \0$aVocational education$zNorthern Ireland$vPeriodicals.
=785  00$tEducation and training parliamentary monitor. Weekly debates. Northern Ireland$x2056-8193
=856  4\$uhttp://www.educationpublishing.com/$zTo subscribe
=859  \\$aELD$bejournal
=CAT  \\$a11433$b40$c20130726$lBLL01$h1316
=CAT  \\$a11316$b40$c20140910$lBLL01$h1538
=CAT  \\$a11316$b40$c20140912$lBLL01$h0817
=CAT  \\$a11316$b40$c20140919$lBLL01$h1008
=CAT  \\$a11316$b40$c20140919$lBLL01$h1116
=CAT  \\$aBATCH-UPD$b40$c20151012$lBLL01$h0742
=CAT  \\$aW1711-1005$c20171206$lBLL01$h1825
=CAT  \\$a6490$b40$c20210125$lBLL01$h1002
=FIN  \\$aY$d20140912
=LAS  \\$a6490$b40$c20210125$lBLL01$h1002

