=LDR  01553 as a2200409 i 4500
=001  016462526
=003  Uk
=005  20130805160825.0
=006  m\\\\\|\\d\|\\\\\\
=007  cr\|||||||||||
=008  130731d200u201uenkuu\p\o\\\\\0\\\a0eng\\
=FMT  \\$a  SE
=040  \\$aUk$beng$cUk$erda
=042  \\$aukblsr
=082  04$a616.029096894$223
=245  00$aPalliative Care Initiative research grants newsletter.
=246  30$aResearch grants newsletter
=246  17$aPalliative Care Initiative research newsletter
=264  \1$aLondon :$bDiana, Princess of Wales Memorial Fund
=300  \\$billustrations (colour)
=336  \\$atext$2rdacontent
=337  \\$acomputer$2rdamedia
=338  \\$aonline resource$2rdacarrier
=500  \\$aCeased publication.
=588  \\$aDescription based on: issue 2 (autumn 2009); title from PDF caption (issue downloaded 31/07/2013).
=588  \\$aLatest issue consulted: issue 3 (autumn 2010) (issue downloaded 31/07/2013).
=650  \0$aPalliative treatment$zZambia$vPeriodicals.
=610  20$aPalliative Care Initiative of The Diana, Princess of Wales Memorial Fund.
=710  2\$aDiana, Princess of Wales Memorial Fund,$eissuing body.
=856  4\$uhttp://www.dianaprincessofwalesmemorialfund.org/$zTo search
=859  \\$aELD$bejournal
=CAT  \\$a8411$b40$c20130731$lBLL01$h0945
=CAT  \\$a3072$b40$c20130805$lBLL01$h1550
=CAT  \\$a3072$b40$c20130805$lBLL01$h1608
=CAT  \\$aW1711-1005$c20171206$lBLL01$h1825
=FIN  \\$aY$d20130805
=LAS  \\$aW1711-1005$b00$c20171206$lBLL01$h1825

