=LDR  01914 as a2200493 i 4500
=001  016476132
=003  Uk
=005  20130909161732.0
=006  m\\\\\|\\d\|\\\\\\
=007  cr\|||||||||||
=008  130819c20139999enkar\\\o\\\\o0\\\a0eng\\
=FMT  \\$a  SE
=015  \\$aGBB378271$2bnb
=040  \\$aUk$beng$cUk$erda
=042  \\$aukblsr
=082  04$a362.1068$223
=110  2\$aNHS England,$eauthor.
=245  14$aThe summary NHS England business plan for ...
=246  1\$i2013/2014-2015/2016 issue also entitled:$aPutting patients first
=264  \1$a[Redditch] :$bNHS England
=310  \\$aAnnual
=336  \\$atext$2rdacontent
=337  \\$acomputer$2rdamedia
=338  \\$aonline resource$2rdacarrier
=362  0\$a2013/2014-2015/2016-
=500  \\$aIssues may have individual theme titles.
=500  \\$aTitle from PDF caption (publisher's Web site, viewed September 2, 2013).
=580  \\$aFull business plan also issued separately: The NHS England business plan for ...
=610  10$aGreat Britain.$bNational Health Service$xPlanning$vPeriodicals.
=650  \0$aHealth services administration$zGreat Britain$vPeriodicals.
=690  7\$aSocial Welfare$2blcoll
=787  1\$aNHS England.$tNHS England business plan for
=856  4\$uhttp://www.england.nhs.uk/publications/$zFollow links to resource
=859  \\$aELD$bejournal
=CAT  \\$a10983$b40$c20130819$lBLL01$h1108
=CAT  \\$a10983$b40$c20130819$lBLL01$h1113
=CAT  \\$a10983$b40$c20130819$lBLL01$h1530
=CAT  \\$a11316$b40$c20130902$lBLL01$h1140
=CAT  \\$a11316$b40$c20130909$lBLL01$h1617
=CAT  \\$aW1711-1005$c20171206$lBLL01$h1825
=FIN  \\$aY$d20130902
=LET  \4$aThe summary NHS England business plan for (Electronic)
=LKR  \\$aPAR$b016455224$lBLL01$nThe NHS England business plan for$mThe summary NHS England business plan for$r787
=LAS  \\$aW1711-1005$b00$c20171206$lBLL01$h1825

