=LDR  02108 as a2200517 i 4500
=001  016506823
=003  Uk
=005  20150312144624.0
=006  m\\\\\|\\d\|\\\\\\
=007  cr\|||||||||||
=008  130930d2007200ustkgr|p\o\\\\o0\\\a0eng\\
=FMT  \\$a  SE
=040  \\$aUk$beng$cUk$dUk$erda
=042  \\$aukblsr
=082  04$a363.69094134$223
=245  00$aOld and New Towns of Edinburgh World Heritage Site monitoring report.
=246  1\$iWeb link title:$aWorld heritage site monitoring report
=264  \1$a[Edinburgh] :$b[Edinburgh World Heritage],$c[2010?]-
=310  \\$aBiennial
=336  \\$atext$2rdacontent
=337  \\$acomputer$2rdamedia
=338  \\$aonline resource$2rdacarrier
=362  0\$a2007/2008 and 2008/2009-
=500  \\$aCeased publication.
=550  \\$aAt foot of cover: City of Edinburgh Council, Edinburgh World Heritage: and Historic Scotland.
=500  \\$aTitle from PDF title page (Edinburgh World Heritage Web site, viewed September 30, 2013).
=650  \0$aWorld Heritage areas$zScotland$zEdinburgh$vPeriodicals.
=650  \0$aCity planning$zScotland$zEdinburgh$vPeriodicals.
=650  \0$aHistoric preservation$zScotland$zEdinburgh$xPlanning$vPeriodicals.
=710  1\$aEdinburgh (Scotland).$bCity Council.
=710  2\$aEdinburgh World Heritage.
=710  2\$aHistoric Scotland.
=780  00$tOld and New Towns of Edinburgh World Heritage Site annual monitoring report
=856  4\$uhttp://www.ewht.org.uk/what-we-do/publications$zFollow links to resource
=859  \\$aELD$bejournal
=CAT  \\$a11316$b40$c20130930$lBLL01$h1539
=CAT  \\$a11316$b40$c20130930$lBLL01$h1542
=CAT  \\$a11316$b40$c20131001$lBLL01$h0846
=CAT  \\$a7778$b40$c20131231$lBLL01$h1230
=CAT  \\$a3072$b40$c20150312$lBLL01$h1445
=CAT  \\$a3072$b40$c20150312$lBLL01$h1446
=CAT  \\$aBATCH-UPD$b40$c20160718$lBLL01$h2032
=CAT  \\$aW1711-1005$c20171206$lBLL01$h1825
=FIN  \\$aY$d20131001
=LET  \0$aOld and New Towns of Edinburgh World Heritage Site monitoring report (Electronic)
=LAS  \\$aW1711-1005$b00$c20171206$lBLL01$h1825

