=LDR  02461cas a2200529 i 4500
=001  016524478
=003  Uk
=005  20220623144508.0
=006  m\\\\\|\\d\|\\\\\\
=007  cr\|||||||||||
=008  131021d20042005enk\x\\\o\\\\\0\\\a0eng\\
=FMT  \\$a  SE
=015  \\$aGBB3A7367$2bnb
=040  \\$aUk$beng$cUk$erda
=042  \\$aukblsr
=082  04$a371.3344678$223
=110  2\$aBritish Educational Communications and Technology Agency.$bContent Advisory Board,$eauthor.
=245  10$aReport to the Secretary of State /$cContent Advisory Board (CAB).
=246  13$aContent Advisory Board (CAB) report to the Secretary of State
=264  \1$aCoventry :$bBritish Educational Communications and Technology Agency,$c2004-2005.
=310  \\$aIrregular
=336  \\$atext$2rdacontent
=337  \\$acomputer$2rdamedia
=338  \\$aonline resource$2rdacarrier
=362  0\$aReport no. 1 (May 2004)-
=500  \\$aTerms of references: to advise the Secretary of State for Education and Skills on the performance of Curriculum Online [partnership, later Web site] in relation to the development of a comprehensive range of online learning resources for schools" - cover page verso.
=500  \\$aCeased publication.
=500  \\$a"Becta supported by Cambridge Economic Policy Associates" - cover page verso.
=500  \\$aTitle from PDF cover (viewed via Google search, November 25, 2013).
=588  \\$aLatest issue consulted: report no. 3 (December 2005) (viewed November 25, 2013).
=610  20$aCurriculum Online (Web site)$xEvaluation$vPeriodicals.
=650  \0$aEducational technology$xStudy and teaching (Secondary)$zGreat Britain$vPeriodicals.
=650  \0$aInternet in Education$zGreat Britain$vPeriodicals.
=650  \0$aComputer-assisted instruction$zGreat Britain$vPeriodicals.
=710  1\$aGreat Britain.$bDepartment for Education and Skills.
=710  2\$aCambridge Economic Policy Associates (Firm)
=856  4\$uhttp://www.becta.org.uk/$zLink no longer valid as of 31 January 2011
=859  \\$aELD$bejournal
=985  \\$anew subord body; new 610; new 2nd 710.
=CAT  \\$a10902$b40$c20131021$lBLL01$h1428
=CAT  \\$a3072$b40$c20131125$lBLL01$h1510
=CAT  \\$a7792$b40$c20140417$lBLL01$h0857
=CAT  \\$a7778$b40$c20170220$lBLL01$h0737
=CAT  \\$aW1711-1005$c20171206$lBLL01$h1825
=CAT  \\$a5194$b40$c20220623$lBLL01$h1445
=FIN  \\$aY$d20131125
=LAS  \\$a5194$b40$c20220623$lBLL01$h1445

