=LDR  01496 as a2200397 i 4500
=001  016601810
=003  Uk
=005  20140226090421.0
=006  m\\\\\|\\d\|\\\\\\
=007  cr\|||||||||||
=008  140113d20052007enkqx\p\o\\\\\0\\\a0eng\\
=FMT  \\$a  SE
=040  \\$aUk$beng$cUk$erda
=042  \\$aukblsr
=082  04$a796.48$223
=245  00$aHost city news.
=264  \1$aLondon :$bLondon 2012,$c2005-2007.
=300  \\$billustrations (colour)
=310  \\$aFour issues yearly
=336  \\$atext$2rdacontent
=337  \\$acomputer$2rdamedia
=338  \\$aonline resource$2rdacarrier
=362  0\$aSeptember 2005-February 2007.
=500  \\$aTitle from PDF caption (National Archives snapshot, taken on 07/01/2008).
=588  \\$aLatest issue consulted: February 2007 (National Archives snapshot, taken on 07/01/2008).
=611  20$aOlympic Games$n(30th :$d2012 :$cLondon, England)$xPlanning$vPeriodicals.
=710  2\$aLondon 2012 (Firm)
=785  00$tNews (London Organising Committee of the Olympic Games and Paralympic Games)
=856  4\$uhttp://webarchive.nationalarchives.gov.uk/20071105013006/http://www.london2012.com/news/publications/index.php$zFollow links to resource
=859  \\$aELD$bejournal
=CAT  \\$a10902$b40$c20140113$lBLL01$h1307
=CAT  \\$a11316$b40$c20140226$lBLL01$h0901
=CAT  \\$a11316$b40$c20140226$lBLL01$h0904
=CAT  \\$aW1711-1005$c20171206$lBLL01$h1826
=FIN  \\$aY$d20140226
=LAS  \\$aW1711-1005$b00$c20171206$lBLL01$h1826

