=LDR  01839 as a2200457 i 4500
=001  016604952
=003  Uk
=005  20140226090324.0
=006  m\\\\\|\\d\|\\\\\\
=007  cr\|||||||||||
=008  140115d20072010enkar\p\o\\\\\0\\\a0eng\\
=FMT  \\$a  SE
=040  \\$aUk$beng$cUk$erda
=042  \\$aukblsr
=082  04$a796.48$223
=245  00$aLondon 2012 annual update.
=264  \1$aLondon :$bLondon 2012,$c2007-
=300  \\$billustrations (colour)
=336  \\$atext$2rdacontent
=337  \\$acomputer$2rdamedia
=338  \\$aonline resource$2rdacarrier
=362  0\$aJuly 2007-
=362  1\$aCeased in 2011?
=500  \\$aIssues also have distinctive titles.
=500  \\$aTitle from PDF cover (National Archives snapshot, taken on 10/04/2009).
=588  \\$aLatest issue consulted: July 2010 (National Archives snapshot, taken on 05/11/2012).
=611  20$aOlympic Games$n(30th :$d2012 :$cLondon, England)$xPlanning$vPeriodicals.
=710  2\$aLondon Organising Committee of the Olympic Games and Paralympic Games,$eissuing body.
=776  08$iAlso issued in print:$tLondon 2012 annual update
=856  4\$uhttp://webarchive.nationalarchives.gov.uk/20130102161323/http://london2012.com/about-us/publications/theme=annual-reports/$zFollow links to resource
=859  \\$aELD$bejournal
=CAT  \\$a10902$b40$c20140115$lBLL01$h1442
=CAT  \\$a10902$b40$c20140115$lBLL01$h1443
=CAT  \\$a10902$b40$c20140115$lBLL01$h1444
=CAT  \\$a11316$b40$c20140206$lBLL01$h1136
=CAT  \\$a11316$b40$c20140226$lBLL01$h0901
=CAT  \\$a11316$b40$c20140226$lBLL01$h0903
=CAT  \\$aW1711-1005$c20171206$lBLL01$h1826
=FIN  \\$aY$d20140206
=LKR  \\$aPAR$b015340950$lBLL01$nLondon 2012 annual update (Print)$mLondon 2012 annual update (Online)$r776
=LAS  \\$aW1711-1005$b00$c20171206$lBLL01$h1826

