=LDR  02384 as a2200517 i 4500
=001  016631548
=003  Uk
=005  20140217153844.0
=006  m\\\\\|\\d\|\\\\\\
=007  cr\|||||||||||
=008  140217c20129999stkar\\\os\\\o0\\\a0eng\\
=FMT  \\$a  SE
=015  \\$aGBB418920$2bnb
=040  \\$aUk$beng$cUk$erda
=042  \\$aukblsr
=082  04$a365.9411021$223
=245  00$aPrison statistics and population projections Scotland.
=264  \1$a[Edinburgh] :$bScottish Government,$c2012-
=310  \\$aAnnual
=336  \\$atext$2rdacontent
=337  \\$acomputer$2rdamedia
=338  \\$aonline resource$2rdacarrier
=362  0\$a2011/12-
=490  0\$aStatistical bulletin. Crime and justice series
=500  \\$aTitle from PDF caption (publisher's Web site, viewed, February 17, 2014).
=550  \\$a"A National Statistics publication for Scotland".
=650  \0$aPrisoners$zScotland$vStatistics$vPeriodicals.
=650  \0$aPrisoners$zScotland$xForecasting$vStatistics$vPeriodicals.
=710  2\$aUK Statistics Authority.
=710  1\$aScotland.$bScottish Government.
=780  04$tPrison statistics Scotland (Online)
=780  04$tScottish prison population projections
=856  4\$uhttp://www.scotland.gov.uk/Topics/Statistics/Browse/Crime-Justice/PubPrisons$zFollow links to resource
=856  4\$uhttp://data.gov.uk/dataset/prison_population_projections_scotland$zFollow links to resource
=859  \\$aELD$bejournal
=985  \\$a"Date of next publication. The publication of Prison Statistics and Projections for 2012-13 has been delayed due to technical difficulties. It is hoped that publication will take place in spring 2014" - info at top of page of URL above.
=CAT  \\$a3072$b40$c20140217$lBLL01$h1536
=CAT  \\$a3072$b40$c20140217$lBLL01$h1538
=CAT  \\$a5194$b40$c20161013$lBLL01$h1134
=CAT  \\$aBATCH-UPD$b40$c20161013$lBLL01$h1136
=CAT  \\$aW1711-1005$c20171206$lBLL01$h1826
=FIN  \\$aY$d20140217
=LET  \0$aPrison statistics and population projections Scotland (Electronic)
=LKR  \\$aPAR$b015526227$lBLL01$r78004$mPrison statistics and population projections Scotland$nPrison statistics Scotland (Online)
=LKR  \\$aPAR$b016028283$lBLL01$r78004$mPrison statistics and population projections Scotland$nScottish prison population projections
=LAS  \\$aW1711-1005$b00$c20171206$lBLL01$h1826

