=LDR  02423 as a2200565 i 4500
=001  016735719
=003  Uk
=005  20140624111716.0
=006  m\\\\\|\\d\|\\\\\\
=007  cr||||||||||||
=008  140605c20129999enkar\\\o\\\\o0\\\a0eng\\
=FMT  \\$a  SE
=015  \\$aGBB458598$2bnb
=040  \\$aUk$beng$cUk$erda
=042  \\$aukblsr
=082  04$a354.37350941$223
=245  00$aEU Emissions Trading System.$pAviation sector.$pAdvice on charges.
=246  3\$aEuropean Union Emissions Trading System.$pAviation sector.$pAdvice on charges
=246  17$aEU ETS aviation sector charges
=264  \1$aBristol :$bEnvironment Agency,$c2012-
=310  \\$aAnnual
=336  \\$atext$2rdacontent
=337  \\$acomputer$2rdamedia
=338  \\$aonline resource$2rdacarrier
=362  0\$a2012-
=500  \\$aTitle from PDF cover (National Archives snapshot, taken 04/12/2012).
=588  \\$aLatest issue consulted: 2013 issue (GOV.UK, viewed June 5, 2014).
=610  20$aEuropean Union Emissions Trading Scheme$vPeriodicals.
=650  \0$aAircraft exhaust emissions$zGreat Britain$vPeriodicals.
=650  \0$aAeronautics, Commercial$xEnvironmental aspects$zGreat Britain$vPeriodicals.
=650  \0$aEmissions trading$xLaw and legislation$zGreat Britain$vPeriodicals.
=650  \0$aEmissions trading$xLaw and legislation$zEuropean Union countries$vPeriodicals.
=650  \0$aEnvironmental impact charges$zGreat Britain$vPeriodicals.
=650  \0$aGreenhouse gas mitigation$xGovernment policy$zGreat Britain$vPeriodicals.
=650  \0$aGreenhouse gas mitigation$zEuropean Union Countries$vPeriodicals.
=690  7\$aManagement and Business Studies$2blcoll
=710  1\$aGreat Britain.$bEnvironment Agency,$eissuing body.
=780  00$tEU Emissions Trading System. Aviation sector. Guide to charges
=859  \\$aELD$bejournal
=856  4\$uhttp://webarchive.nationalarchives.gov.uk/$zTo search
=856  4\$uhttps://www.gov.uk/$zTo search
=CAT  \\$a11316$b40$c20140605$lBLL01$h1147
=CAT  \\$a11316$b40$c20140605$lBLL01$h1212
=CAT  \\$a10902$b40$c20140624$lBLL01$h1117
=CAT  \\$aWR15_120$c20150910$lBLL01$h1828
=CAT  \\$aBATCH-MBS$c20150918$lBLL01$h2047
=CAT  \\$aW1711-1005$c20171206$lBLL01$h1827
=FIN  \\$aY$d20140605
=LET  \0$aEU Emissions Trading System. Aviation sector. Advice on charges (Electronic)
=LAS  \\$aW1711-1005$b00$c20171206$lBLL01$h1827

