=LDR  01546cas a2200445 i 4500
=001  016934459
=003  Uk
=005  20230523152901.0
=006  m\\\\\|\\d\|\\\\\\
=007  cr\|||||||||||
=008  141016d200u2017enkqr\p\o\\\\\0\\\a0eng\\
=FMT  \\$a  SE
=015  \\$aGBB4C4840$2bnb
=040  \\$aUk$beng$cUk$dUk$erda
=042  \\$aukblsr
=082  04$a338.4764120971$223
=245  00$aQuarterly beverage tracker.$pCanada /$cCanadean.
=246  3\$aQBT
=246  17$aSoft drinks service
=264  \1$a[Basingstoke] :$bCanadean,$c-[2017]
=300  \\$billustrations (colour)
=310  \\$aQuarterly
=336  \\$atext$2rdacontent
=337  \\$acomputer$2rdamedia
=338  \\$aonline resource$2rdacarrier
=362  1\$aCeased with 2017, quarter 4.
=588  \\$aDescription based on: 4th quarter, 2008; title from PDF title page (viewed November 6, 2014).
=650  \0$aBeverage industry$zCanada$vStatistics$vPeriodicals.
=650  \0$aMarket surveys$zCanada$vPeriodicals.
=710  2\$aCanadean Limited,$eissuing body.
=785  00$tCanada quarterly beverage forecast insights
=856  4\$uhttp://canadeanreportstore.industryreportstore.com/food-beverage.html$zTo search
=859  \\$aELD$bejournal
=CAT  \\$a8201$b40$c20141106$lBLL01$h1125
=CAT  \\$aW1711-1005$c20171206$lBLL01$h1827
=CAT  \\$a3072$b40$c20221228$lBLL01$h1234
=CAT  \\$a3072$b40$c20230523$lBLL01$h1529
=FIN  \\$aY$d20141106
=LET  \0$aQuarterly beverage tracker. Canada (Electronic)
=LAS  \\$a3072$b40$c20230523$lBLL01$h1529

