=LDR  01691cas a2200469 i 4500
=001  016989197
=003  Uk
=005  20230523165935.0
=006  m\\\\\|\\d\|\\\\\\
=007  cr\|||||||||||
=008  141016d200u2017enkqr\p\o\\\\\0\\\a0eng\\
=FMT  \\$a  SE
=015  \\$aGBB4F2063$2bnb
=040  \\$aUk$beng$cUk$dUk$erda
=042  \\$aukblsr
=082  04$a338.47641209598$223
=245  00$aQuarterly beverage tracker.$pIndonesia /$cCanadean.
=246  3\$aQBT
=246  17$aAll commercial beverages
=246  17$aSoft drinks service
=264  \1$a[Basingstoke] :$bCanadean,$c-[2017]
=300  \\$billustrations (colour)
=310  \\$aQuarterly
=336  \\$atext$2rdacontent
=337  \\$acomputer$2rdamedia
=338  \\$aonline resource$2rdacarrier
=362  1\$aCeased with 2017, quarter 4.
=588  \\$aDescription based on: 2nd quarter, 2009; title from PDF title page (viewed December 22, 2014).
=588  \\$aLatest issue consulted: 3rd quarter, 2010 (viewed December 22, 2014).
=650  \0$aBeverage industry$zIndonesia$vStatistics$vPeriodicals.
=650  \0$aMarket surveys$zIndonesia$vPeriodicals.
=710  2\$aCanadean Limited,$eissuing body.
=785  00$tIndonesia quarterly beverage forecast insights
=856  4\$uhttp://canadeanreportstore.industryreportstore.com/food-beverage.html$zTo search
=859  \\$aELD$bejournal
=CAT  \\$a8201E$b40$c20141222$lBLL01$h1615
=CAT  \\$aW1711-1005$c20171206$lBLL01$h1827
=CAT  \\$a3072$b40$c20230523$lBLL01$h1628
=CAT  \\$a3072$b40$c20230523$lBLL01$h1659
=FIN  \\$aY$d20141222
=LET  \0$aQuarterly beverage tracker. Indonesia (Electronic)
=LAS  \\$a3072$b40$c20230523$lBLL01$h1659

