=LDR  02523 as a2200649 i 4500
=001  017017062
=003  Uk
=005  20171102111412.0
=006  m\\\\\\\\d\|\\\\\\
=007  cr||||||||||||
=008  150119d20152017enkqr\p\o\s\\\0\\\a0eng\\
=FMT  \\$a  SE
=015  \\$aGBB556746$2bnb
=022  0\$a2057-9403$202
=037  \\$aCFDZ$bBusiness Monitor International
=040  \\$aUk$beng$cUk$dUk$erda
=042  \\$aukblsr$aissnuk
=082  04$a330.96500112$223
=222  \0$aAlgeria & Libya country risk report
=245  00$aAlgeria & Libya country risk report :$bincludes 10-year forecasts to ... /$cBusiness Monitor International.
=246  3\$aAlgeria and Libya country risk report
=264  \1$aLondon :$bBusiness Monitor International,$c2015-[2017]
=300  \\$billustrations (black and white)
=310  \\$aQuarterly
=336  \\$atext$2rdacontent
=337  \\$acomputer$2rdamedia
=338  \\$aonline resource$2rdacarrier
=362  0\$a2015/Q2-
=362  1\$aCeased with 2017/Q3.
=500  \\$aTitle from PDF cover.
=650  \0$aEconomic forecasting$zAlgeria$vPeriodicals.
=650  \0$aEconomic forecasting$zLibya$vPeriodicals.
=651  \0$aAlgeria$xEconomic policy$vPeriodicals.
=651  \0$aAlgeria$xEconomic conditions$vPeriodicals.
=651  \0$aAlgeria$xPolitics and government$vPeriodicals.
=651  \0$aLibya$xEconomic policy$vPeriodicals.
=651  \0$aLibya$xEconomic conditions$vPeriodicals.
=651  \0$aLibya$xPolitics and government$vPeriodicals.
=710  2\$aBusiness Monitor International,$eissuing body.
=780  00$tAlgeria & Libya business forecast report$x2057-9241
=785  06$tAlgeria country risk report$x2514-4227
=785  06$tLibya country risk report$x2514-4235
=856  4\$uhttp://www.bmiresearch.com/$zTo subscribe
=859  \\$aELD$bejournal
=CAT  \\$a10973$b40$c20150119$lBLL01$h1023
=CAT  \\$a5997$b40$c20150505$lBLL01$h1258
=CAT  \\$a5997$b40$c20150505$lBLL01$h1411
=CAT  \\$a5997$b40$c20150505$lBLL01$h1434
=CAT  \\$aWR15_120$c20150910$lBLL01$h1829
=CAT  \\$a8411$b40$c20160224$lBLL01$h0922
=CAT  \\$a8323$b40$c20171102$lBLL01$h1114
=CAT  \\$aW1711-1005$c20171206$lBLL01$h1828
=FIN  \\$aY$d20150505
=LET  \0$aAlgeria and Libya country risk report (Electronic)
=LKR  \\$aPAR$b016626958$lBLL01$nAlgeria & Libya business forecast report (Online)$mAlgeria & Libya country risk report (Online)$r78000
=MNI  \\$a2057-9403
=LAS  \\$aW1711-1005$b00$c20171206$lBLL01$h1828

