=LDR  02046 as a2200577 i 4500
=001  017017064
=003  Uk
=005  20160224092458.0
=006  m\\\\\\\\d\|\\\\\\
=007  cr\|||||||||||
=008  150119c20159999enkqr\p\o\\\\\0\\\a0eng\\
=FMT  \\$a  SE
=015  \\$aGBB543409$2bnb
=022  0\$a2057-9411$202
=037  \\$aCFAO$bBusiness Monitor International
=040  \\$aUk$beng$cUk$erda
=042  \\$aukblsr$aissnuk
=082  04$a330.967300112$223
=222  \0$aAngola country risk report
=245  00$aAngola country risk report :$bincludes 10-year forecasts to ...
=264  \1$aLondon :$bBMI Research,$c2015-
=300  \\$billustrations (black and white)
=310  \\$aQuarterly
=336  \\$atext$2rdacontent
=337  \\$acomputer$2rdamedia
=338  \\$aonline resource$2rdacarrier
=362  0\$a2015/Q2-
=500  \\$aTitle from PDF cover.
=650  \0$aEconomic forecasting$zAngola$vPeriodicals.
=651  \0$aAngola$xEconomic policy$vPeriodicals.
=651  \0$aAngola$xEconomic conditions$vPeriodicals.
=651  \0$aAngola$xPolitics and government$vPeriodicals.
=710  2\$aBMI Research (Firm),$eissuing body.
=780  00$tAngola business forecast report$x2057-5629
=856  4\$uhttp://www.bmiresearch.com/$zTo subscribe
=859  \\$aELD$bejournal
=CAT  \\$a10973$b40$c20150119$lBLL01$h1027
=CAT  \\$a10973$b40$c20150119$lBLL01$h1028
=CAT  \\$a11316$b40$c20150407$lBLL01$h1034
=CAT  \\$a11316$b40$c20150407$lBLL01$h1138
=CAT  \\$a11316$b40$c20150407$lBLL01$h1327
=CAT  \\$a11316$b40$c20150408$lBLL01$h0850
=CAT  \\$a11316$b40$c20150408$lBLL01$h0950
=CAT  \\$aWR15_120$c20150910$lBLL01$h1829
=CAT  \\$a8411$b40$c20160224$lBLL01$h0924
=CAT  \\$aW1711-1005$c20171206$lBLL01$h1828
=FIN  \\$aY$d20150408
=LET  \0$aAngola country risk report (Electronic)
=LKR  \\$aPAR$b016626861$lBLL01$nAngola business forecast report$mAngola country risk report$r78000
=MNI  \\$a2057-9411
=LAS  \\$aW1711-1005$b00$c20171206$lBLL01$h1828

