=LDR  02298 as a2200601 i 4500
=001  017017073
=003  Uk
=005  20160224093045.0
=006  m\\\\\\\\d\|\\\\\\
=007  cr||||||||||||
=008  150119c20159999enkqr\p\o\\\\\0\\\a0eng\\
=FMT  \\$a  SE
=015  \\$aGBB556752$2bnb
=022  0\$a2057-9438$y1745-0470$202
=037  \\$aCFAU$bBusiness Monitor International
=040  \\$aUk$beng$cUk$erda
=042  \\$aukblsr$aissnuk
=082  04$a330.99400112$223
=222  \0$aAustralia country risk report
=245  00$aAustralia country risk report :$bincludes 10-year forecasts to ... /$cBusiness Monitor International.
=264  \1$aLondon :$bBusiness Monitor International,$c2015-
=300  \\$billustrations (black and white)
=310  \\$aQuarterly
=336  \\$atext$2rdacontent
=337  \\$acomputer$2rdamedia
=338  \\$aonline resource$2rdacarrier
=362  0\$a2015/Q2-
=500  \\$aTitle from PDF cover.
=540  \\$aCurrent Copyright Fee: GBP100.00$c0$5Uk
=650  \0$aEconomic forecasting$zAustralia$vPeriodicals.
=651  \0$aAustralia$xEconomic policy$vPeriodicals.
=651  \0$aAustralia$xEconomic conditions$vPeriodicals.
=651  \0$aAustralia$xPolitics and government$vPeriodicals.
=710  2\$aBusiness Monitor International,$eissuing body.
=780  00$tAustralia business forecast report
=856  4\$uhttp://www.bmiresearch.com/$zTo subscribe
=859  \\$aELD$bejournal
=CAT  \\$a10973$b40$c20150119$lBLL01$h1035
=CAT  \\$a10973$b40$c20150119$lBLL01$h1042
=CAT  \\$a5997$b40$c20150505$lBLL01$h1350
=CAT  \\$a5997$b40$c20150505$lBLL01$h1412
=CAT  \\$a5997$b40$c20150505$lBLL01$h1435
=CAT  \\$aBATCH-CLA$b00$c20150828$lBLL01$h1543
=CAT  \\$aWR15_120$c20150910$lBLL01$h1829
=CAT  \\$aIPL-CLA$c20150930$lBLL01$h1854
=CAT  \\$a8411$b40$c20160224$lBLL01$h0930
=CAT  \\$aW1711-1005$c20171206$lBLL01$h1828
=CFI  0\$aCurrent Copyright Fee: GBP100.00$c0$e01-oct-2015$fGBP100.00$g0$hC$5Uk
=FIN  \\$aY$d20150505
=LET  \0$aAustralia country risk report (Electronic)
=LKR  \\$aPAR$b016626010$lBLL01$nAustralia business forecast report (Online)$mAustralia country risk report (Online)$r78000
=MNI  \\$a2057-9438
=LAS  \\$aW1711-1005$b00$c20171206$lBLL01$h1828

