=LDR  01942 as a2200529 i 4500
=001  017017101
=003  Uk
=005  20160224093749.0
=006  m\\\\\\\\d\|\\\\\\
=007  cr||||||||||||
=008  150119c20159999enkqr\p\o\\\\\0\\\a0eng\\
=FMT  \\$a  SE
=015  \\$aGBB556761$2bnb
=022  0\$a2057-9462$202
=037  \\$aCFBD$bBusiness Monitor International
=040  \\$aUk$beng$cUk$erda
=042  \\$aukblsr$aissnuk
=082  04$a330.9549200112$223
=222  \0$aBangladesh country risk report
=245  00$aBangladesh country risk report :$bincludes 10-year forecasts to ... /$cBMI Research.
=264  \1$aLondon :$bBusiness Monitor International,$c2015-
=300  \\$billustrations (black and white)
=310  \\$aQuarterly
=336  \\$atext$2rdacontent
=337  \\$acomputer$2rdamedia
=338  \\$aonline resource$2rdacarrier
=362  0\$a2015/Q2-
=500  \\$aTitle from PDF cover.
=650  \0$aEconomic forecasting$zBangladesh$vPeriodicals.
=651  \0$aBangladesh$xEconomic policy$vPeriodicals.
=651  \0$aBangladesh$xEconomic conditions$vPeriodicals.
=651  \0$aBangladesh$xPolitics and government$vPeriodicals.
=710  2\$aBMI Research (Firm),$eissuing body.
=780  00$tBangladesh business forecast report$x2057-9292
=856  4\$uhttp://www.bmiresearch.com/$zTo subscribe
=859  \\$aELD$bejournal
=CAT  \\$a10973$b40$c20150119$lBLL01$h1058
=CAT  \\$a5997$b40$c20150505$lBLL01$h1408
=CAT  \\$a5997$b40$c20150505$lBLL01$h1436
=CAT  \\$aWR15_120$c20150910$lBLL01$h1829
=CAT  \\$a8411$b40$c20160224$lBLL01$h0937
=CAT  \\$aW1711-1005$c20171206$lBLL01$h1828
=FIN  \\$aY$d20150505
=LET  \0$aBangladesh country risk report (Electronic)
=LKR  \\$aPAR$b016626868$lBLL01$nBangladesh business forecast report (Online)$mBangladesh country risk report (Online)$r78000
=MNI  \\$a2057-9462
=LAS  \\$aW1711-1005$b00$c20171206$lBLL01$h1828

