=LDR  01863 as a2200517 i 4500
=001  017017104
=003  Uk
=005  20160224093919.0
=006  m\\\\\\\\d\|\\\\\\
=007  cr||||||||||||
=008  150119c20159999enkqr\p\o\\\\\0\\\a0eng\\
=FMT  \\$a  SE
=015  \\$aGBB556768$2bnb
=022  0\$a2057-9489$202
=037  \\$aCFBY$bBusiness Monitor International
=040  \\$aUk$beng$cUk$erda
=042  \\$aukblsr$aissnuk
=082  04$a330.947800112$223
=222  \0$aBelarus country risk report
=245  00$aBelarus country risk report :$bincludes 10-year forecasts to ... /$cBMI Research.
=264  \1$aLondon :$bBusiness Monitor International,$c2015-
=300  \\$billustrations (black and white)
=310  \\$aQuarterly
=336  \\$atext$2rdacontent
=337  \\$acomputer$2rdamedia
=338  \\$aonline resource$2rdacarrier
=362  0\$a2015/Q2-
=500  \\$aTitle from PDF cover.
=650  \0$aEconomic forecasting$zBelarus$vPeriodicals.
=651  \0$aBelarus$xEconomic policy$vPeriodicals.
=651  \0$aBelarus$xEconomic conditions$vPeriodicals.
=651  \0$aBelarus$xPolitics and government$vPeriodicals.
=710  2\$aBMI Research (Firm),$eissuing body.
=780  00$tBelarus business forecast report$x2057-9306
=856  4\$uhttp://www.bmiresearch.com/$zTo subscribe
=859  \\$aELD$bejournal
=CAT  \\$a10973$b40$c20150119$lBLL01$h1104
=CAT  \\$a5997$b40$c20150505$lBLL01$h1431
=CAT  \\$aWR15_120$c20150910$lBLL01$h1829
=CAT  \\$a8411$b40$c20160224$lBLL01$h0939
=CAT  \\$aW1711-1005$c20171206$lBLL01$h1828
=FIN  \\$aY$d20150505
=LET  \0$aBelarus country risk report (Electronic)
=LKR  \\$aPAR$b016626894$lBLL01$nBelarus business forecast report (Online)$mBelarus country risk report (Online)$r78000
=MNI  \\$a2057-9489
=LAS  \\$aW1711-1005$b00$c20171206$lBLL01$h1828

