=LDR  02071 as a2200541 i 4500
=001  017017106
=003  Uk
=005  20150505144055.0
=006  m\\\\\\\\d\|\\\\\\
=007  cr||||||||||||
=008  150119c20159999enkqr\p\o\\\\\0\\\a0eng\\
=FMT  \\$a  SE
=015  \\$aGBB556770$2bnb
=022  0\$a2057-9497$y2040-6274$202
=037  \\$aCFBE$bBusiness Monitor International
=040  \\$aUk$beng$cUk$erda
=042  \\$aukblsr$aissnuk
=082  04$a330.949300112$223
=222  \0$aBelgium country risk report
=245  00$aBelgium country risk report :$bincludes 10-year forecasts to ... /$cBusiness Monitor International.
=264  \1$aLondon :$bBusiness Monitor International,$c2015-
=300  \\$billustrations (black and white)
=310  \\$aQuarterly
=336  \\$atext$2rdacontent
=337  \\$acomputer$2rdamedia
=338  \\$aonline resource$2rdacarrier
=362  0\$a2015/Q2-
=500  \\$aTitle from PDF cover.
=540  \\$aCurrent Copyright Fee: GBP100.00$c0$5Uk
=650  \0$aEconomic forecasting$zBelgium$vPeriodicals.
=651  \0$aBelgium$xEconomic policy$vPeriodicals.
=651  \0$aBelgium$xEconomic conditions$vPeriodicals.
=651  \0$aBelgium$xPolitics and government$vPeriodicals.
=710  2\$aBusiness Monitor International,$eissuing body.
=780  00$tBelgium business forecast report$x2057-9314
=856  4\$uhttp://www.bmiresearch.com/$zTo subscribe
=859  \\$aELD$bejournal
=CAT  \\$a10973$b40$c20150119$lBLL01$h1106
=CAT  \\$a5997$b40$c20150505$lBLL01$h1440
=CAT  \\$aBATCH-CLA$b00$c20150828$lBLL01$h1543
=CAT  \\$aWR15_120$c20150910$lBLL01$h1829
=CAT  \\$aIPL-CLA$c20150930$lBLL01$h1854
=CAT  \\$aW1711-1005$c20171206$lBLL01$h1828
=CFI  0\$aCurrent Copyright Fee: GBP100.00$c0$e01-oct-2015$fGBP100.00$g0$hC$5Uk
=FIN  \\$aY$d20150505
=LET  \0$aBelgium country risk report (Electronic)
=LKR  \\$aPAR$b016626905$lBLL01$nBelgium business forecast report (Online)$mBelgium country risk report (Online)$r78000
=LAS  \\$aW1711-1005$b00$c20171206$lBLL01$h1828

