=LDR  02340 as a2200577 i 4500
=001  017017110
=003  Uk
=005  20160224094436.0
=006  m\\\\\\\\d\|\\\\\\
=007  cr||||||||||||
=008  150119c20159999enkqr\p\o\\\\\0\\\a0eng\\
=FMT  \\$a  SE
=015  \\$aGBB556775$2bnb
=022  0\$a2057-9500$y1748-2364$202
=037  \\$aCFBA$bBusiness Monitor International
=040  \\$aUk$beng$cUk$erda
=042  \\$aukblsr$aissnuk
=082  04$a330.94974200112$223
=222  \0$aBosnia & Herzegovina country risk report
=245  00$aBosnia & Herzegovina country risk report :$bincludes 10-year forecasts to ... /$cBusiness Monitor International.
=246  3\$aBosnia and Herzegovina country risk report
=264  \1$aLondon :$bBusiness Monitor International,$c2015-
=300  \\$billustrations (black and white)
=310  \\$aQuarterly
=336  \\$atext$2rdacontent
=337  \\$acomputer$2rdamedia
=338  \\$aonline resource$2rdacarrier
=362  0\$a2015/Q2-
=500  \\$aTitle from PDF cover.
=540  \\$aCurrent Copyright Fee: GBP100.00$c0$5Uk
=650  \0$aEconomic forecasting$zBosnia and Herzegovina$vPeriodicals.
=651  \0$aBosnia and Herzegovina$xEconomic policy$vPeriodicals.
=651  \0$aBosnia and Herzegovina$xEconomic conditions$vPeriodicals.
=651  \0$aBosnia and Herzegovina$xPolitics and government$vPeriodicals.
=710  2\$aBusiness Monitor International,$eissuing body.
=780  00$tBosnia & Herzegovina business forecast report$x2057-9322
=856  4\$uhttp://www.bmiresearch.com/$zTo subscribe
=859  \\$aELD$bejournal
=CAT  \\$a10973$b40$c20150119$lBLL01$h1108
=CAT  \\$a5997$b40$c20150505$lBLL01$h1450
=CAT  \\$aBATCH-CLA$b00$c20150828$lBLL01$h1543
=CAT  \\$aWR15_120$c20150910$lBLL01$h1829
=CAT  \\$aIPL-CLA$c20150930$lBLL01$h1854
=CAT  \\$a8411$b40$c20160224$lBLL01$h0944
=CAT  \\$aW1711-1005$c20171206$lBLL01$h1828
=CFI  0\$aCurrent Copyright Fee: GBP100.00$c0$e01-oct-2015$fGBP100.00$g0$hC$5Uk
=FIN  \\$aY$d20150505
=LET  \0$aBosnia-Herzegovina country risk report (Electronic)
=LKR  \\$aPAR$b016659768$lBLL01$nBosnia & Herzegovina business forecast report (Online)$mBosnia-Herzegovina country risk report (Online)$r78000
=MNI  \\$a2057-9500
=LAS  \\$aW1711-1005$b00$c20171206$lBLL01$h1828

