=LDR  02187 as a2200577 i 4500
=001  017021836
=003  Uk
=005  20160224103608.0
=006  m\\\\\\\\d\|\\\\\\
=007  cr||||||||||||
=008  150122c20159999enkqr\p\o\\\\\0\\\a0eng\\
=FMT  \\$a  SE
=015  \\$aGBB579000$2bnb
=022  0\$a2057-9527$y1744-8875$202
=037  \\$aCFBR$bBusiness Monitor International
=040  \\$aUk$beng$cUk$erda
=042  \\$aukblsr$aissnuk
=082  04$a330.98100112$223
=222  \0$aBrazil country risk report
=245  00$aBrazil country risk report :$bincludes 10-year forecasts to ... /$cBusiness Monitor International.
=264  \1$aLondon, UK :$bBusiness Monitor International Limited,$c2015-
=300  \\$billustrations (black and white)
=310  \\$aQuarterly
=336  \\$atext$2rdacontent
=337  \\$acomputer$2rdamedia
=338  \\$aonline resource$2rdacarrier
=362  0\$a2015/Q2-
=500  \\$aTitle from PDF cover.
=540  \\$aCurrent Copyright Fee: GBP100.00$c0$5Uk
=650  \0$aEconomic forecasting$zBrazil$vPeriodicals.
=651  \0$aBrazil$xEconomic policy$vPeriodicals.
=651  \0$aBrazil$xEconomic conditions$vPeriodicals.
=651  \0$aBrazil$xPolitics and government$vPeriodicals.
=710  2\$aBusiness Monitor International,$eissuing body.
=780  00$tBrazil business forecast report$x2057-9349
=856  4\$uhttp://www.bmiresearch.com/$zTo subscribe
=859  \\$aELD$bejournal
=CAT  \\$a10973$b40$c20150122$lBLL01$h1351
=CAT  \\$a11205$b40$c20150619$lBLL01$h0930
=CAT  \\$a11205$b40$c20150619$lBLL01$h0935
=CAT  \\$aBATCH-CLA$b00$c20150828$lBLL01$h1543
=CAT  \\$aWR15_120$c20150910$lBLL01$h1829
=CAT  \\$aIPL-CLA$c20150930$lBLL01$h1854
=CAT  \\$a8411$b40$c20160224$lBLL01$h1036
=CAT  \\$aW1711-1005$c20171206$lBLL01$h1828
=CFI  0\$aCurrent Copyright Fee: GBP100.00$c0$e01-oct-2015$fGBP100.00$g0$hC$5Uk
=FIN  \\$aY$d20150619
=LET  \0$aBrazil country risk report (Electronic)
=LKR  \\$aPAR$b016625921$lBLL01$nBrazil business forecast report (Online)$mBrazil country risk report$r78000
=MNI  \\$a2057-9527
=LAS  \\$aW1711-1005$b00$c20171206$lBLL01$h1828

