=LDR  02183 as a2200565 i 4500
=001  017021843
=003  Uk
=005  20160224103715.0
=006  m\\\\\\\\d\|\\\\\\
=007  cr||||||||||||
=008  150122c20159999enkqr\p\o\\\\\0\\\a0eng\\
=FMT  \\$a  SE
=015  \\$aGBB579011$2bnb
=022  0\$a2057-9535$y1744-8816$202
=037  \\$aCFBG$bBusiness Monitor International
=040  \\$aUk$beng$cUk$erda
=042  \\$aukblsr$aissnuk
=082  04$a330.949900112$223
=222  \0$aBulgaria country risk report
=245  00$aBulgaria country risk report :$bincludes 10-year forecasts to ... /$cBusiness Monitor International.
=264  \1$aLondon, UK :$bBusiness Monitor International Limited,$c2015-
=300  \\$billustrations (black and white), maps (black and white)
=310  \\$aQuarterly
=336  \\$atext$2rdacontent
=337  \\$acomputer$2rdamedia
=338  \\$aonline resource$2rdacarrier
=362  0\$a2015/Q2-
=500  \\$aTitle from PDF cover.
=540  \\$aCurrent Copyright Fee: GBP100.00$c0$5Uk
=650  \0$aEconomic forecasting$zBulgaria$vPeriodicals.
=651  \0$aBulgaria$xEconomic policy$vPeriodicals.
=651  \0$aBulgaria$xEconomic conditions$vPeriodicals.
=651  \0$aBulgaria$xPolitics and government$vPeriodicals.
=710  2\$aBusiness Monitor International,$eissuing body.
=780  00$tBulgaria business forecast report$x2057-9357
=856  4\$uhttp://www.bmiresearch.com/$zTo subscribe
=859  \\$aELD$bejournal
=CAT  \\$a10973$b40$c20150122$lBLL01$h1355
=CAT  \\$a11205$b40$c20150619$lBLL01$h1019
=CAT  \\$aBATCH-CLA$b00$c20150828$lBLL01$h1543
=CAT  \\$aWR15_120$c20150910$lBLL01$h1829
=CAT  \\$aIPL-CLA$c20150930$lBLL01$h1854
=CAT  \\$a8411$b40$c20160224$lBLL01$h1037
=CAT  \\$aW1711-1005$c20171206$lBLL01$h1828
=CFI  0\$aCurrent Copyright Fee: GBP100.00$c0$e01-oct-2015$fGBP100.00$g0$hC$5Uk
=FIN  \\$aY$d20150619
=LET  \0$aBulgaria country risk report (Electronic)
=LKR  \\$aPAR$b016625804$lBLL01$nBulgaria business forecast report (Online)$mBulgaria country risk report$r78000
=MNI  \\$a2057-9535
=LAS  \\$aW1711-1005$b00$c20171206$lBLL01$h1828

