=LDR  02842 as a2200709 i 4500
=001  017021854
=003  Uk
=005  20171102113947.0
=006  m\\\\\\\\d\|\\\\\\
=007  cr||||||||||||
=008  150122d20152017enkqr\p\o\s\\\0\\\a0eng\\
=FMT  \\$a  SE
=015  \\$aGBB579012$2bnb
=022  0\$a2057-9543$202
=037  \\$aCFKH$bBusiness Monitor International
=040  \\$aUk$beng$cUk$dUk$erda
=042  \\$aukblsr$aissnuk
=082  04$a330.959100112$223
=222  \0$aCambodia, Laos & Myanmar country risk report
=245  00$aCambodia, Laos & Myanmar country risk report :$bincludes 10-year forecasts to ... /$cBMI Research.
=246  3\$aCambodia, Laos and Myanmar country risk report
=264  \1$aLondon, UK :$bBMI Research,$c2015-[2017]
=300  \\$billustrations (black and white), maps (black and white)
=310  \\$aQuarterly
=336  \\$atext$2rdacontent
=337  \\$acomputer$2rdamedia
=338  \\$aonline resource$2rdacarrier
=362  0\$a2015/Q2-
=362  1\$aCeased with 2017/Q2.
=500  \\$aTitle from PDF cover.
=650  \0$aEconomic forecasting$zCambodia$vPeriodicals.
=650  \0$aEconomic forecasting$zLaos$vPeriodicals.
=650  \0$aEconomic forecasting$zBurma$vPeriodicals.
=651  \0$aCambodia$xEconomic policy$vPeriodicals.
=651  \0$aLaos$xEconomic policy$vPeriodicals.
=651  \0$aBurma$xEconomic policy$vPeriodicals.
=651  \0$aCambodia$xEconomic conditions$vPeriodicals.
=651  \0$aLaos$xEconomic conditions$vPeriodicals.
=651  \0$aBurma$xEconomic conditions$vPeriodicals.
=651  \0$aCambodia$xPolitics and government$vPeriodicals.
=651  \0$aLaos$xPolitics and government$vPeriodicals.
=651  \0$aBurma$xPolitics and government$vPeriodicals.
=710  2\$aBMI Research (Firm),$eissuing body.
=780  00$tCambodia, Laos & Myanmar business forecast report$x2057-9365
=785  06$tCambodia country risk report$x2514-4243
=785  06$tLaos country risk report$x2514-4251
=785  06$tMyanmar country risk report$x2514-426X
=856  4\$uhttp://www.bmiresearch.com/$zTo subscribe
=859  \\$aELD$bejournal
=CAT  \\$a10973$b40$c20150122$lBLL01$h1359
=CAT  \\$a11205$b40$c20150619$lBLL01$h1036
=CAT  \\$aWR15_120$c20150910$lBLL01$h1829
=CAT  \\$a8411$b40$c20160224$lBLL01$h1038
=CAT  \\$aISSN$b40$c20170328$lBLL01$h1006
=CAT  \\$a8323$b40$c20171101$lBLL01$h1127
=CAT  \\$a8323$b40$c20171102$lBLL01$h1139
=CAT  \\$aW1711-1005$c20171206$lBLL01$h1828
=FIN  \\$aY$d20150619
=LET  \0$aCambodia, Laos & Myanmar country risk report (Electronic)
=LKR  \\$aPAR$b016626952$lBLL01$nCambodia, Laos & Myanmar business forecast report (Online)$mCambodia, Laos & Myanmar country risk report$r78000
=MNI  \\$a2057-9543
=LAS  \\$aW1711-1005$b00$c20171206$lBLL01$h1828

