=LDR  01823 as a2200517 i 4500
=001  017021948
=003  Uk
=005  20160224105413.0
=006  m\\\\\\\\d\|\\\\\\
=007  cr||||||||||||
=008  150122c20159999enkqr\p\o\\\\\0\\\a0eng\\
=FMT  \\$a  SE
=015  \\$aGBB579045$2bnb
=022  0\$a2057-9608$202
=037  \\$aCFCN$bBusiness Monitor International
=040  \\$aUk$beng$cUk$erda
=042  \\$aukblsr$aissnuk
=082  04$a330.95124900112$223
=222  \0$aChina country risk report
=245  00$aChina country risk report :$bincludes 10-year forecasts to ... /$cBMI Research.
=264  \1$aLondon, UK :$bBMI Research,$c2015-
=300  \\$billustrations (black and white)
=310  \\$aQuarterly
=336  \\$atext$2rdacontent
=337  \\$acomputer$2rdamedia
=338  \\$aonline resource$2rdacarrier
=362  0\$a2015/Q2-
=500  \\$aTitle from PDF cover.
=650  \0$aEconomic forecasting$zChina$vPeriodicals.
=651  \0$aChina$xEconomic policy$vPeriodicals.
=651  \0$aChina$xEconomic conditions$vPeriodicals.
=651  \0$aChina$xPolitics and government$vPeriodicals.
=710  2\$aBMI Research (Firm),$eissuing body.
=780  00$tChina business forecast report$x2057-2468
=856  4\$uhttp://www.bmiresearch.com/$zTo subscribe
=859  \\$aELD$bejournal
=CAT  \\$a10973$b40$c20150122$lBLL01$h1507
=CAT  \\$a11205$b40$c20150619$lBLL01$h1212
=CAT  \\$aWR15_120$c20150910$lBLL01$h1829
=CAT  \\$a8411$b40$c20160224$lBLL01$h1054
=CAT  \\$aW1711-1005$c20171206$lBLL01$h1828
=FIN  \\$aY$d20150619
=LET  \0$aChina country risk report (Electronic)
=LKR  \\$aPAR$b016625634$lBLL01$nChina business forecast report (Online)$mChina country risk report$r78000
=MNI  \\$a2057-9608
=LAS  \\$aW1711-1005$b00$c20171206$lBLL01$h1828

