=LDR  01895 as a2200505 i 4500
=001  017021950
=003  Uk
=005  20160224105556.0
=006  m\\\\\\\\d\|\\\\\\
=007  cr||||||||||||
=008  150122c20159999enkqr\p\o\\\\\0\\\a0eng\\
=FMT  \\$a  SE
=015  \\$aGBB563670$2bnb
=022  0\$a2057-9616$202
=037  \\$aCFCO$bBusiness Monitor International
=040  \\$aUk$beng$cUk$dUk$erda
=042  \\$aukblsr$aissnuk
=082  04$a330.986100112$223
=222  \0$aColombia country risk report
=245  00$aColombia country risk report :$bincludes 10-year forecasts to ... /$cBusiness Monitor International.
=264  \1$aLondon :$bBusiness Monitor International,$c2015-
=300  \\$billustrations (black and white), maps (black and white)
=310  \\$aQuarterly
=336  \\$atext$2rdacontent
=337  \\$acomputer$2rdamedia
=338  \\$aonline resource$2rdacarrier
=362  0\$a2015/Q2-
=500  \\$aTitle from PDF cover.
=650  \0$aEconomic forecasting$zColombia$vPeriodicals.
=651  \0$aColombia$xEconomic policy$vPeriodicals.
=651  \0$aColombia$xEconomic conditions$vPeriodicals.
=651  \0$aColombia$xPolitics and government$vPeriodicals.
=710  2\$aBusiness Monitor International,$eissuing body.
=780  00$tColombia business forecast report$x2058-444x
=856  4\$uhttp://www.bmiresearch.com/$zTo subscribe
=859  \\$aELD$bejournal
=CAT  \\$a10973$b40$c20150122$lBLL01$h1510
=CAT  \\$a5110$b40$c20150513$lBLL01$h1527
=CAT  \\$aWR15_120$c20150910$lBLL01$h1829
=CAT  \\$a8411$b40$c20160224$lBLL01$h1055
=CAT  \\$aW1711-1005$c20171206$lBLL01$h1828
=FIN  \\$aY$d20150513
=LET  \0$aColombia country risk report (Electronic)
=LKR  \\$aPAR$b016626054$lBLL01$nColombia business forecast report (Online)$mColombia country risk report$r78000
=LAS  \\$aW1711-1005$b00$c20171206$lBLL01$h1828

