=LDR  01926 as a2200517 i 4500
=001  017021966
=003  Uk
=005  20160224112555.0
=006  m\\\\\\\\d\|\\\\\\
=007  cr||||||||||||
=008  150122c20159999enkqr\p\o\\\\\0\\\a0eng\\
=FMT  \\$a  SE
=015  \\$aGBB578784$2bnb
=022  0\$a2057-9659$202
=037  \\$aCFCZ$bBusiness Monitor International
=040  \\$aUk$beng$cUk$dUk$erda
=042  \\$aukblsr$aissnuk
=082  04$a330.9437100112$223
=222  \0$aCzech Republic country risk report
=245  00$aCzech Republic country risk report :$bincludes 10-year forecasts to ... /$cBMI Research.
=264  \1$aLondon :$bBMI Research,$c2015-
=300  \\$billustrations (black and white), maps (black and white)
=310  \\$aQuarterly
=336  \\$atext$2rdacontent
=337  \\$acomputer$2rdamedia
=338  \\$aonline resource$2rdacarrier
=362  0\$a2015/Q2-
=500  \\$aTitle from PDF cover.
=650  \0$aEconomic forecasting$zCzech Republic$vPeriodicals.
=651  \0$aCzech Republic$xEconomic policy$vPeriodicals.
=651  \0$aCzech Republic$xEconomic conditions$vPeriodicals.
=651  \0$aCzech Republic$xPolitics and government$vPeriodicals.
=710  2\$aBMI Research (Firm),$eissuing body.
=780  00$tCzech Republic business forecast report$x2058-4482
=856  4\$uhttp://www.bmiresearch.com/$zTo subscribe
=859  \\$aELD$bejournal
=CAT  \\$a10973$b40$c20150122$lBLL01$h1538
=CAT  \\$a5110$b40$c20150617$lBLL01$h1436
=CAT  \\$aWR15_120$c20150910$lBLL01$h1829
=CAT  \\$a8411$b40$c20160224$lBLL01$h1125
=CAT  \\$aW1711-1005$c20171206$lBLL01$h1828
=FIN  \\$aY$d20150617
=LET  \0$aCzech Republic country risk report (Electronic)
=LKR  \\$aPAR$b016626076$lBLL01$nCzech Republic business forecast report$mCzech Republic country risk report$r78000
=MNI  \\$a2057-9659
=LAS  \\$aW1711-1005$b00$c20171206$lBLL01$h1828

