=LDR  02082 as a2200529 i 4500
=001  017022567
=003  Uk
=005  20160224112807.0
=006  m\\\\\\\\d\|\\\\\\
=007  cr||||||||||||
=008  150123c20159999enkqr\p\o\\\\\0\\\a0eng\\
=FMT  \\$a  SE
=015  \\$aGBB578790$2bnb
=022  0\$a2057-9667$202
=037  \\$aCFCD$bBusiness Monitor International
=040  \\$aUk$beng$cUk$dUk$erda
=042  \\$aukblsr$aissnuk
=082  04$a330.9675100112$223
=222  \0$aDemocratic Republic of the Congo country risk report
=245  00$aDemocratic Republic of the Congo country risk report :$bincludes 10-year forecasts to ... /$cBMI Research.
=246  3\$aDR Congo country risk report
=264  \1$aLondon :$bBMI Research,$c2015-
=300  \\$billustrations (black and white) maps (black and white)
=310  \\$aQuarterly
=336  \\$atext$2rdacontent
=337  \\$acomputer$2rdamedia
=338  \\$aonline resource$2rdacarrier
=362  0\$a2015/Q2-
=500  \\$aTitle from PDF cover.
=650  \0$aEconomic forecasting$zCongo (Democratic Republic)$vPeriodicals.
=651  \0$aCongo (Democratic Republic)$xEconomic policy$vPeriodicals.
=651  \0$aCongo (Democratic Republic)$xEconomic conditions$vPeriodicals.
=651  \0$aCongo (Democratic Republic)$xPolitics and government$vPeriodicals.
=710  2\$aBMI Research (Firm),$eissuing body.
=780  00$tDR Congo business forecast report$x2058-4490
=856  4\$uhttp://www.bmiresearch.com/$zTo subscribe
=859  \\$aELD$bejournal
=CAT  \\$a10973$b40$c20150123$lBLL01$h0959
=CAT  \\$a5110$b40$c20150617$lBLL01$h1523
=CAT  \\$aWR15_120$c20150910$lBLL01$h1829
=CAT  \\$a8411$b40$c20160224$lBLL01$h1128
=CAT  \\$aW1711-1005$c20171206$lBLL01$h1828
=FIN  \\$aY$d20150617
=LET  \0$aDemocratic Republic of the Congo country risk report (Electronic)
=LKR  \\$aPAR$b016626960$lBLL01$nDR Congo business forecast report$mDemocratic Republic of the Congo country risk report$r78000
=MNI  \\$a2057-9667
=LAS  \\$aW1711-1005$b00$c20171206$lBLL01$h1828

