=LDR  01996 as a2200541 i 4500
=001  017022934
=003  Uk
=005  20160224113725.0
=006  m\\\\\\\\d\|\\\\\\
=007  cr||||||||||||
=008  150123c20159999enkqr\p\o\\\\\0\\\a0eng\\
=FMT  \\$a  SE
=015  \\$aGBB550383$2bnb
=022  0\$a2057-9705$202
=037  \\$aCFFI$bBusiness Monitor International
=040  \\$aUk$beng$cUk$erda
=042  \\$aukblsr$aissnuk
=082  04$a330.9489700112$223
=222  \0$aFinland country risk report
=245  00$aFinland country risk report :$bincludes 10-year forecasts to ... /$cBusiness Monitor International.
=264  \1$aLondon :$bBusiness Monitor International Limited,$c2015-
=300  \\$billustrations (black and white)
=310  \\$aQuarterly
=336  \\$atext$2rdacontent
=337  \\$acomputer$2rdamedia
=338  \\$aonline resource$2rdacarrier
=362  0\$a2015/Q2-
=500  \\$aTitle from PDF cover.
=650  \0$aEconomic forecasting$zFinland$vPeriodicals.
=651  \0$aFinland$xEconomic policy$vPeriodicals.
=651  \0$aFinland$xEconomic conditions$vPeriodicals.
=651  \0$aFinland$xPolitics and government$vPeriodicals.
=710  2\$aBusiness Monitor International,$eissuing body.
=780  00$tFinland business forecast report$x2058-1246
=856  4\$uhttp://www.bmiresearch.com/$zTo subscribe
=859  \\$aELD$bejournal
=985  \\$aISSN UK Centre note: ISSN completed from 2015/Q2
=CAT  \\$a10973$b40$c20150123$lBLL01$h1422
=CAT  \\$a8124$b40$c20150421$lBLL01$h1148
=CAT  \\$a8124$b40$c20150421$lBLL01$h1150
=CAT  \\$aWR15_120$c20150910$lBLL01$h1829
=CAT  \\$a8411$b40$c20160224$lBLL01$h1137
=CAT  \\$aW1711-1005$c20171206$lBLL01$h1828
=FIN  \\$aY$d20150421
=LET  \0$aFinland country risk report (Electronic)
=LKR  \\$aPAR$b016626918$lBLL01$nFinland business forecast report$mFinland country risk report$r78000
=MNI  \\$a2057-9705
=LAS  \\$aW1711-1005$b00$c20171206$lBLL01$h1828

