=LDR  01934 as a2200529 i 4500
=001  017022951
=003  Uk
=005  20160224114034.0
=006  m\\\\\\\\d\|\\\\\\
=007  cr||||||||||||
=008  150123c20159999enkqr\p\o\\\\\0\\\a0eng\\
=FMT  \\$a  SE
=015  \\$aGBB564294$2bnb
=022  0\$a2057-9721$202
=037  \\$aCFDE$bBusiness Monitor International
=040  \\$aUk$beng$cUk$erda
=042  \\$aukblsr$aissnuk
=082  04$a330.94300112$223
=222  \0$aGermany country risk report
=245  00$aGermany country risk report :$bincludes 10-year forecasts to ... /$cBusiness Monitor International.
=264  \1$aLondon :$bBusiness Monitor International Limited,$c2015-
=300  \\$billustrations (black and white)
=310  \\$aQuarterly
=336  \\$atext$2rdacontent
=337  \\$acomputer$2rdamedia
=338  \\$aonline resource$2rdacarrier
=362  0\$a2015/Q2-
=500  \\$aTitle from PDF cover.
=650  \0$aEconomic forecasting$zGermany$vPeriodicals.
=651  \0$aGermany$xEconomic policy$vPeriodicals.
=651  \0$aGermany$xEconomic conditions$vPeriodicals.
=651  \0$aGermany$xPolitics and government$vPeriodicals.
=710  2\$aBusiness Monitor International,$eissuing body.
=780  00$tGermany business forecast report$x2058-1262
=856  4\$uhttp://www.bmiresearch.com/$zTo subscribe
=859  \\$aELD$bejournal
=985  \\$aISSN completed from 2015/Q2
=CAT  \\$a10973$b40$c20150123$lBLL01$h1433
=CAT  \\$a8124$b40$c20150519$lBLL01$h1303
=CAT  \\$aWR15_120$c20150910$lBLL01$h1829
=CAT  \\$a8411$b40$c20160224$lBLL01$h1140
=CAT  \\$aW1711-1005$c20171206$lBLL01$h1828
=FIN  \\$aY$d20150519
=LET  \0$aGermany country risk report (Electronic)
=LKR  \\$aPAR$b016626947$lBLL01$nGermany business forecast report (Online)$mGermany country risk report$r78000
=MNI  \\$a2057-9721
=LAS  \\$aW1711-1005$b00$c20171206$lBLL01$h1828

