=LDR  01859 as a2200529 i 4500
=001  017022970
=003  Uk
=005  20160224114502.0
=006  m\\\\\\\\d\|\\\\\\
=007  cr||||||||||||
=008  150123c20159999enkqr\p\o\\\\\0\\\a0eng\\
=FMT  \\$a  SE
=015  \\$aGBB564307$2bnb
=022  0\$a2057-9748$202
=037  \\$aCFGR$bBusiness Monitor International
=040  \\$aUk$beng$cUk$erda
=042  \\$aukblsr$aissnuk
=082  04$a330.949500112$223
=222  \0$aGreece country risk report
=245  00$aGreece country risk report :$bincludes 10-year forecasts to ... /$cBMI Research.
=264  \1$aLondon :$bBMI Research,$c2015-
=300  \\$billustrations (black and white)
=310  \\$aQuarterly
=336  \\$atext$2rdacontent
=337  \\$acomputer$2rdamedia
=338  \\$aonline resource$2rdacarrier
=362  0\$a2015/Q2-
=500  \\$aTitle from PDF cover.
=650  \0$aEconomic forecasting$zGreece$vPeriodicals.
=651  \0$aGreece$xEconomic policy$vPeriodicals.
=651  \0$aGreece$xEconomic conditions$vPeriodicals.
=651  \0$aGreece$xPolitics and government$vPeriodicals.
=710  2\$aBMI Research (Firm),$eissuing body.
=780  00$tGreece business forecast report
=856  4\$uhttp://www.bmiresearch.com/$zTo subscribe
=859  \\$aELD$bejournal
=985  \\$aISSN completed from 2015/Q2
=CAT  \\$a10973$b40$c20150123$lBLL01$h1441
=CAT  \\$a8124$b40$c20150519$lBLL01$h1403
=CAT  \\$aWR15_120$c20150910$lBLL01$h1829
=CAT  \\$a8411$b40$c20160224$lBLL01$h1145
=CAT  \\$aW1711-1005$c20171206$lBLL01$h1828
=FIN  \\$aY$d20150519
=LET  \0$aGreece country risk report (Electronic)
=LKR  \\$aPAR$b016626120$lBLL01$nGreece business forecast report (Online)$mGreece country risk report$r78000
=MNI  \\$a2057-9748
=LAS  \\$aW1711-1005$b00$c20171206$lBLL01$h1828

