=LDR  01895 as a2200529 i 4500
=001  017022990
=003  Uk
=005  20160224115425.0
=006  m\\\\\\\\d\|\\\\\\
=007  cr||||||||||||
=008  150123c20159999enkqr\p\o\\\\\0\\\a0eng\\
=FMT  \\$a  SE
=015  \\$aGBB566284$2bnb
=022  0\$a2057-9772$202
=037  \\$aCFIS$bBusiness Monitor International
=040  \\$aUk$beng$cUk$erda
=042  \\$aukblsr$aissnuk
=082  04$a330.9491200112$223
=222  \0$aIceland country risk report
=245  00$aIceland country risk report :$bincludes 10-year forecasts to ... /$cBMI Research.
=264  \1$aLondon :$bBMI Research,$c2015-
=300  \\$billustrations (black and white)
=310  \\$aQuarterly
=336  \\$atext$2rdacontent
=337  \\$acomputer$2rdamedia
=338  \\$aonline resource$2rdacarrier
=362  0\$a2015/Q2-
=650  \0$aEconomic forecasting$zIceland$vPeriodicals.
=651  \0$aIceland$xEconomic policy$vPeriodicals.
=651  \0$aIceland$xEconomic conditions$vPeriodicals.
=651  \0$aIceland$xPolitics and government$vPeriodicals.
=710  2\$aBMI Research (Firm),$eissuing body.
=780  00$tIceland business forecast report$x2058-1327
=859  \\$aELD$bejournal
=856  4\$uhttp://www.bmiresearch.com/$zTo subscribe
=CAT  \\$a10973$b40$c20150123$lBLL01$h1451
=CAT  \\$a8483$b40$c20150520$lBLL01$h1118
=CAT  \\$a8483$b40$c20150520$lBLL01$h1119
=CAT  \\$a8483$b40$c20150520$lBLL01$h1312
=CAT  \\$aWR15_120$c20150910$lBLL01$h1829
=CAT  \\$a8411$b40$c20160224$lBLL01$h1154
=CAT  \\$aW1711-1005$c20171206$lBLL01$h1828
=FIN  \\$aY$d20150520
=LET  \0$aIceland country risk report (Electronic)
=LKR  \\$aPAR$b016626910$lBLL01$r78000$mIceland country risk report$nIceland business forecast report (Online)
=MNI  \\$a2057-9772
=LAS  \\$aW1711-1005$b00$c20171206$lBLL01$h1828

