=LDR  01951 as a2200529 i 4500
=001  017023005
=003  Uk
=005  20160224115812.0
=006  m\\\\\\\\d\|\\\\\\
=007  cr||||||||||||
=008  150123c20159999enkqr\p\o\\\\\0\\\a0eng\\
=FMT  \\$a  SE
=015  \\$aGBB566322$2bnb
=022  0\$a2057-9799$202
=037  \\$aCFID$bBusiness Monitor International
=040  \\$aUk$beng$cUk$erda
=042  \\$aukblsr$aissnuk
=082  04$a330.959800112$223
=222  \0$aIndonesia country risk report
=245  00$aIndonesia country risk report :$bincludes 10-year forecasts to ... /$cBusiness Monitor International.
=264  \1$aLondon :$bBusiness Monitor International,$c2015-
=300  \\$billustrations (black and white)
=310  \\$aQuarterly
=336  \\$atext$2rdacontent
=337  \\$acomputer$2rdamedia
=338  \\$aonline resource$2rdacarrier
=362  0\$a2015/Q2-
=500  \\$aTitle from PDF cover.
=650  \0$aEconomic forecasting$zIndonesia$vPeriodicals.
=651  \0$aIndonesia$xEconomic policy$vPeriodicals.
=651  \0$aIndonesia$xEconomic conditions$vPeriodicals.
=651  \0$aIndonesia$xPolitics and government$vPeriodicals.
=710  2\$aBusiness Monitor International,$eissuing body.
=780  00$tIndonesia business forecast report$x2058-1335
=856  4\$uhttp://www.bmiresearch.com/$zTo subscribe
=859  \\$aELD$bejournal
=CAT  \\$a10973$b40$c20150123$lBLL01$h1504
=CAT  \\$a8483$b40$c20150520$lBLL01$h1338
=CAT  \\$a8483$b40$c20150520$lBLL01$h1342
=CAT  \\$aWR15_120$c20150910$lBLL01$h1829
=CAT  \\$a8411$b40$c20160224$lBLL01$h1158
=CAT  \\$aW1711-1005$c20171206$lBLL01$h1828
=FIN  \\$aY$d20150520
=LET  \0$aIndonesia country risk report (Electronic)
=LKR  \\$aPAR$b016626186$lBLL01$r78000$mIndonesia country risk report$nIndonesia business forecast report (Online)
=MNI  \\$a2057-9799
=LAS  \\$aW1711-1005$b00$c20171206$lBLL01$h1828

