=LDR  01853 as a2200517 i 4500
=001  017023010
=003  Uk
=005  20160224120058.0
=006  m\\\\\\\\d\|\\\\\\
=007  cr||||||||||||
=008  150123c20159999enkqr\p\o\\\\\0\\\a0eng\\
=FMT  \\$a  SE
=015  \\$aGBB566329$2bnb
=022  0\$a2057-9810$202
=037  \\$aCFIQ$bBusiness Monitor International
=040  \\$aUk$beng$cUk$erda
=042  \\$aukblsr$aissnuk
=082  04$a330.956700112$223
=222  \0$aIraq country risk report
=245  00$aIraq country risk report :$bincludes 10-year forecasts to ... /$cBusiness Monitor International.
=264  \1$aLondon :$bBusiness Monitor International,$c2015-
=300  \\$billustrations (black and white)
=310  \\$aQuarterly
=336  \\$atext$2rdacontent
=337  \\$acomputer$2rdamedia
=338  \\$aonline resource$2rdacarrier
=362  0\$a2015/Q2-
=500  \\$aTitle from PDF cover.
=650  \0$aEconomic forecasting$zIraq$vPeriodicals.
=651  \0$aIraq$xEconomic policy$vPeriodicals.
=651  \0$aIraq$xEconomic conditions$vPeriodicals.
=651  \0$aIraq$xPolitics and government$vPeriodicals.
=710  2\$aBusiness Monitor International,$eissuing body.
=780  00$tIraq business forecast report$x2058-1351
=856  4\$uhttp://www.bmiresearch.com/$zTo subscribe
=859  \\$aELD$bejournal
=CAT  \\$a10973$b40$c20150123$lBLL01$h1508
=CAT  \\$a8483$b40$c20150520$lBLL01$h1413
=CAT  \\$aWR15_120$c20150910$lBLL01$h1829
=CAT  \\$a8411$b40$c20160224$lBLL01$h1200
=CAT  \\$aW1711-1005$c20171206$lBLL01$h1828
=FIN  \\$aY$d20150520
=LET  \0$aIraq country risk report (Electronic)
=LKR  \\$aPAR$b016626580$lBLL01$r78000$mIraq country risk report$nIraq business forecast report (Online)
=MNI  \\$a2057-9810
=LAS  \\$aW1711-1005$b00$c20171206$lBLL01$h1828

