=LDR  02136 as a2200565 i 4500
=001  017023011
=003  Uk
=005  20160224120217.0
=006  m\\\\\\\\d\|\\\\\\
=007  cr||||||||||||
=008  150123c20159999enkqr\p\o\\\\\0\\\a0eng\\
=FMT  \\$a  SE
=015  \\$aGBB566363$2bnb
=022  0\$a2057-9829$y2040-6290$202
=037  \\$aCFIE$bBusiness Monitor International
=040  \\$aUk$beng$cUk$erda
=042  \\$aukblsr$aissnuk
=082  04$a330.941700112$223
=222  \0$aIreland country risk report
=245  00$aIreland country risk report :$bincludes 10-year forecasts to ... /$cBusiness Monitor International.
=264  \1$aLondon :$bBusiness Monitor International,$c2015-
=300  \\$billustrations (black and white)
=310  \\$aQuarterly
=336  \\$atext$2rdacontent
=337  \\$acomputer$2rdamedia
=338  \\$aonline resource$2rdacarrier
=362  0\$a2015/Q2-
=500  \\$aTitle from PDF cover.
=540  \\$aCurrent Copyright Fee: GBP100.00$c0$5Uk
=650  \0$aEconomic forecasting$zIreland$vPeriodicals.
=651  \0$aIreland$xEconomic policy$vPeriodicals.
=651  \0$aIreland$xEconomic conditions$vPeriodicals.
=651  \0$aIreland$xPolitics and government$vPeriodicals.
=710  2\$aBusiness Monitor International,$eissuing body.
=780  00$tIreland business forecast report$x2058-136X
=856  4\$uhttp://www.bmiresearch.com/$zTo subscribe
=859  \\$aELD$bejournal
=CAT  \\$a10973$b40$c20150123$lBLL01$h1509
=CAT  \\$a8483$b40$c20150521$lBLL01$h0915
=CAT  \\$aBATCH-CLA$b00$c20150828$lBLL01$h1543
=CAT  \\$aWR15_120$c20150910$lBLL01$h1829
=CAT  \\$aIPL-CLA$c20150930$lBLL01$h1854
=CAT  \\$a8411$b40$c20160224$lBLL01$h1202
=CAT  \\$aW1711-1005$c20171206$lBLL01$h1828
=CFI  0\$aCurrent Copyright Fee: GBP100.00$c0$e01-oct-2015$fGBP100.00$g0$hC$5Uk
=FIN  \\$aY$d20150521
=LET  \0$aIreland country risk report (Electronic)
=LKR  \\$aPAR$b016626914$lBLL01$r78000$mIreland country risk report$nIreland business forecast report (Online)
=MNI  \\$a2057-9829
=LAS  \\$aW1711-1005$b00$c20171206$lBLL01$h1828

