=LDR  01893 as a2200529 i 4500
=001  017023014
=003  Uk
=005  20160224120332.0
=006  m\\\\\\\\d\|\\\\\\
=007  cr||||||||||||
=008  150123c20159999enkqr\p\o\\\\\0\\\a0eng\\
=FMT  \\$a  SE
=015  \\$aGBB566366$2bnb
=022  0\$a2057-9837$202
=037  \\$aCFIL$bBusiness Monitor International
=040  \\$aUk$beng$cUk$erda
=042  \\$aukblsr$aissnuk
=082  04$a330.9569400112$223
=222  \0$aIsrael country risk report
=245  00$aIsrael country risk report :$bincludes 10-year forecasts to ... /$cBMI Research.
=264  \1$aLondon :$bBusiness Monitor International,$c2015-
=300  \\$billustrations (black and white)
=310  \\$aQuarterly
=336  \\$atext$2rdacontent
=337  \\$acomputer$2rdamedia
=338  \\$aonline resource$2rdacarrier
=362  0\$a2015/Q2-
=500  \\$aTitle from PDF cover.
=650  \0$aEconomic forecasting$zIsrael$vPeriodicals.
=651  \0$aIsrael$xEconomic policy$vPeriodicals.
=651  \0$aIsrael$xEconomic conditions$vPeriodicals.
=651  \0$aIsrael$xPolitics and government$vPeriodicals.
=710  2\$aBMI Research (Firm),$eissuing body.
=780  00$tIsrael business forecast report$x2058-1378
=856  4\$uhttp://www.bmiresearch.com/$zTo subscribe
=859  \\$aELD$bejournal
=CAT  \\$a10973$b40$c20150123$lBLL01$h1511
=CAT  \\$a8483$b40$c20150521$lBLL01$h0940
=CAT  \\$a8483$b40$c20150521$lBLL01$h0941
=CAT  \\$aWR15_120$c20150910$lBLL01$h1829
=CAT  \\$a8411$b40$c20160224$lBLL01$h1203
=CAT  \\$aW1711-1005$c20171206$lBLL01$h1828
=FIN  \\$aY$d20150521
=LET  \0$aIsrael country risk report (Electronic)
=LKR  \\$aPAR$b016626208$lBLL01$r78000$mIsrael country risk report$nIsrael business forecast report (Online)
=MNI  \\$a2057-9837
=LAS  \\$aW1711-1005$b00$c20171206$lBLL01$h1828

