=LDR  01844 as a2200517 i 4500
=001  017023017
=003  Uk
=005  20160224120456.0
=006  m\\\\\\\\d\|\\\\\\
=007  cr||||||||||||
=008  150123c20159999enkqr\p\o\\\\\0\\\a0eng\\
=FMT  \\$a  SE
=015  \\$aGBB566369$2bnb
=022  0\$a2057-9845$202
=037  \\$aCFIT$bBusiness Monitor International
=040  \\$aUk$beng$cUk$erda
=042  \\$aukblsr$aissnuk
=082  04$a330.94500112$223
=222  \0$aItaly country risk report
=245  00$aItaly country risk report :$bincludes 10-year forecasts to ... /$cBMI Research.
=264  \1$aLondon :$bBusiness Monitor International,$c2015-
=300  \\$billustrations (black and white)
=310  \\$aQuarterly
=336  \\$atext$2rdacontent
=337  \\$acomputer$2rdamedia
=338  \\$aonline resource$2rdacarrier
=362  0\$a2015/Q2-
=500  \\$aTitle from PDF cover.
=650  \0$aEconomic forecasting$zItaly$vPeriodicals.
=651  \0$aItaly$xEconomic policy$vPeriodicals.
=651  \0$aItaly$xEconomic conditions$vPeriodicals.
=651  \0$aItaly$xPolitics and government$vPeriodicals.
=710  2\$aBMI Research (Firm),$eissuing body.
=780  00$tItaly business forecast report
=856  4\$uhttp://www.bmiresearch.com/$zTo subscribe
=859  \\$aELD$bejournal
=CAT  \\$a10973$b40$c20150123$lBLL01$h1512
=CAT  \\$a8483$b40$c20150521$lBLL01$h0957
=CAT  \\$a8483$b40$c20150521$lBLL01$h0958
=CAT  \\$aWR15_120$c20150910$lBLL01$h1829
=CAT  \\$a8411$b40$c20160224$lBLL01$h1204
=CAT  \\$aW1711-1005$c20171206$lBLL01$h1828
=FIN  \\$aY$d20150521
=LET  \0$aItaly country risk report (Electronic)
=LKR  \\$aPAR$b016626946$lBLL01$r78000$mItaly country risk report$nItaly business forecast report (Online)
=LAS  \\$aW1711-1005$b00$c20171206$lBLL01$h1828

