=LDR  02115 as a2200565 i 4500
=001  017023027
=003  Uk
=005  20160224120635.0
=006  m\\\\\\\\d\|\\\\\\
=007  cr||||||||||||
=008  150123c20159999enkqr\p\o\\\\\0\\\a0eng\\
=FMT  \\$a  SE
=015  \\$aGBB566370$2bnb
=022  0\$a2057-9853$y2040-641X$202
=037  \\$aCFJP$bBusiness Monitor International
=040  \\$aUk$beng$cUk$erda
=042  \\$aukblsr$aissnuk
=082  04$a330.95200112$223
=222  \0$aJapan country risk report
=245  00$aJapan country risk report :$bincludes 10-year forecasts to ... /$cBusiness Monitor International.
=264  \1$aLondon :$bBusiness Monitor International,$c2015-
=300  \\$billustrations (black and white)
=310  \\$aQuarterly
=336  \\$atext$2rdacontent
=337  \\$acomputer$2rdamedia
=338  \\$aonline resource$2rdacarrier
=362  0\$a2015/Q2-
=500  \\$aTitle from PDF cover.
=540  \\$aCurrent Copyright Fee: GBP100.00$c0$5Uk
=650  \0$aEconomic forecasting$zJapan$vPeriodicals.
=651  \0$aJapan$xEconomic policy$vPeriodicals.
=651  \0$aJapan$xEconomic conditions$vPeriodicals.
=651  \0$aJapan$xPolitics and government$vPeriodicals.
=710  2\$aBusiness Monitor International,$eissuing body.
=780  00$tJapan business forecast report$x2058-1394
=856  4\$uhttp://www.bmiresearch.com/$zTo subscribe
=859  \\$aELD$bejournal
=CAT  \\$a10973$b40$c20150123$lBLL01$h1526
=CAT  \\$a8483$b40$c20150521$lBLL01$h1010
=CAT  \\$aBATCH-CLA$b00$c20150529$lBLL01$h1529
=CAT  \\$aIPL-CLA$c20150630$lBLL01$h1724
=CAT  \\$aWR15_120$c20150910$lBLL01$h1829
=CAT  \\$a8411$b40$c20160224$lBLL01$h1206
=CAT  \\$aW1711-1005$c20171206$lBLL01$h1828
=CFI  0\$aCurrent Copyright Fee: GBP100.00$c0$e01-jul-2015$fGBP100.00$g0$hC$5Uk
=FIN  \\$aY$d20150521
=LET  \0$aJapan country risk report (Electronic)
=LKR  \\$aPAR$b016626944$lBLL01$r78000$mJapan country risk report$nJapan business forecast report (Online)
=MNI  \\$a2057-9853
=LAS  \\$aW1711-1005$b00$c20171206$lBLL01$h1828

