=LDR  02594 as a2200661 i 4500
=001  017023029
=003  Uk
=005  20171218145607.0
=006  m\\\\\\\\d\|\\\\\\
=007  cr||||||||||||
=008  150123c20159999enkqr\p\o\\\\\0\\\a0eng\\
=FMT  \\$a  SE
=015  \\$aGBB578897$2bnb
=022  0\$a2057-9861$202
=037  \\$aCFPS$bBusiness Monitor International
=040  \\$aUk$beng$cUk$erda
=042  \\$aukblsr$aissnuk
=082  04$a330.95695$223
=222  \0$aJordan, West Bank & Gaza country risk report
=245  00$aJordan, West Bank & Gaza country risk report :$bincludes 10-year forecasts to ... /$cBMI Research.
=246  3\$aJordan, West Bank and Gaza country risk report
=264  \1$aLondon :$bBMI Research,$c2015-
=300  \\$billustrations (black and white)
=310  \\$aQuarterly
=336  \\$atext$2rdacontent
=337  \\$acomputer$2rdamedia
=338  \\$aonline resource$2rdacarrier
=362  0\$a2015/Q2-
=500  \\$aTitle from PDF cover.
=650  \0$aEconomic forecasting$zGaza Strip$vPeriodicals.
=650  \0$aEconomic forecasting$zJordan$vPeriodicals.
=650  \0$aEconomic forecasting$zWest Bank$vPeriodicals.
=651  \0$aGaza Strip$xEconomic conditions$vPeriodicals.
=651  \0$aGaza Strip$xEconomic policy$vPeriodicals.
=650  \0$aEconomic survey$zGaza Strip$vPeriodicals.
=650  \0$aEconomic survey$zJordan$vPeriodicals.
=650  \0$aEconomic survey$zWest Bank$vPeriodicals.
=651  \0$aJordan$xEconomic conditions$vPeriodicals.
=651  \0$aJordan$xEconomic policy$vPeriodicals.
=651  \0$aWest Bank$xEconomic conditions$vPeriodicals.
=651  \0$aWest Bank$xEconomic policy$vPeriodicals.
=710  2\$aBMI Research (Firm),$eissuing body.
=780  00$tJordan, West Bank & Gaza business forecast report$x2058-1408
=856  4\$uhttp://www.bmiresearch.com/$zTo subscribe
=859  \\$aELD$bejournal
=CAT  \\$a10973$b40$c20150123$lBLL01$h1529
=CAT  \\$a3072$b40$c20150618$lBLL01$h1108
=CAT  \\$a3072$b40$c20150618$lBLL01$h1127
=CAT  \\$a3072$b40$c20150618$lBLL01$h1132
=CAT  \\$aWR15_120$c20150910$lBLL01$h1829
=CAT  \\$a8411$b40$c20160224$lBLL01$h1207
=CAT  \\$aW1711-1005$c20171206$lBLL01$h1828
=CAT  \\$a11313$b40$c20171218$lBLL01$h1456
=FIN  \\$aY$d20150618
=LET  \0$aJordan, West Bank & Gaza country risk report (Electronic)
=LKR  \\$aPAR$b016625724$lBLL01$r78000$mJordan, West Bank & Gaza country risk report$nJordan, West Bank & Gaza business forecast report
=MNI  \\$a2057-9861
=LAS  \\$a11313$b40$c20171218$lBLL01$h1456

