=LDR  02544 as a2200637 i 4500
=001  017023038
=003  Uk
=005  20171113114012.0
=006  m\\\\\\\\d\|\\\\\\
=007  cr||||||||||||
=008  150123d20152017enkqr\p\o\s\\\0\\\a0eng\\
=FMT  \\$a  SE
=015  \\$aGBB578908$2bnb
=022  0\$a2057-987X$y1746-5743$202
=037  \\$aCFKZ$bBusiness Monitor International
=040  \\$aUk$beng$cUk$dUk$erda
=042  \\$aissnuk$aukblsr
=082  04$a330.95800112$223
=222  \0$aKazakhstan & Central Asia country risk report
=245  00$aKazakhstan & Central Asia country risk report :$bincludes 10-year forecasts to ...
=246  3\$aKazakhstan and Central Asia country risk report
=264  \1$aLondon :$bBusiness Monitor International,$c2015-[2017]
=300  \\$billustrations (black and white)
=310  \\$aQuarterly
=336  \\$atext$2rdacontent
=337  \\$acomputer$2rdamedia
=338  \\$aonline resource$2rdacarrier
=362  0\$a2015/Q2-
=362  1\$aCeased with 2017/Q3.
=500  \\$aTitle from PDF cover.
=650  \0$aEconomic forecasting$zAsia, Central$vPeriodicals.
=651  \0$aAsia, Central$xEconomic conditions$vPeriodicals.
=651  \0$aAsia, Central$xPolitics and government$vPeriodicals.
=651  \0$aKazakhstan$xEconomic conditions$vPeriodicals.
=651  \0$aKazakhstan$xPolitics and government$vPeriodicals.
=710  2\$aBusiness Monitor International,$eissuing body.
=780  00$tKazakhstan & Central Asia business forecast report$x2058-1416
=785  06$tCentral Asia country risk report$x2514-4219
=785  06$tKazakhstan country risk report$x2514-4200
=856  4\$uhttp://www.bmiresearch.com/$zTo subscribe
=859  \\$aELD$bejournal
=CAT  \\$a10973$b40$c20150123$lBLL01$h1537
=CAT  \\$a3072$b40$c20150618$lBLL01$h1136
=CAT  \\$a3072$b40$c20150618$lBLL01$h1146
=CAT  \\$a3072$b40$c20150618$lBLL01$h1345
=CAT  \\$aWR15_120$c20150910$lBLL01$h1829
=CAT  \\$a8411$b40$c20160224$lBLL01$h1209
=CAT  \\$a8323$b40$c20171101$lBLL01$h1010
=CAT  \\$a11313$b40$c20171113$lBLL01$h1140
=CAT  \\$aW1711-1005$c20171206$lBLL01$h1828
=FIN  \\$aY$d20150618
=LET  \0$aKazakhstan & Central Asia country risk report (Electronic)
=LET  \0$aJordan, West Bank & Gaza country risk report (Electronic)
=LKR  \\$aPAR$b016625658$lBLL01$r78000$mKazakhstan & Central Asia country risk report$nKazakhstan & Central Asia business forecast report
=MNI  \\$a2057-987X
=LAS  \\$aW1711-1005$b00$c20171206$lBLL01$h1828

