=LDR  02302 as a2200625 i 4500
=001  017023043
=003  Uk
=005  20171218145639.0
=006  m\\\\\\\\d\|\\\\\\
=007  cr||||||||||||
=008  150123c20159999enkqr\p\o\\\\\0\\\a0eng\\
=FMT  \\$a  SE
=015  \\$aGBB578914$2bnb
=022  0\$a2057-9888$y1756-7955$202
=037  \\$aCFKE$bBusiness Monitor International
=040  \\$aUk$beng$cUk$erda
=042  \\$aissnuk$aukblsr
=082  04$a330.9676200112$223
=222  \0$aKenya country risk report
=245  00$aKenya country risk report :$bincludes 10-year forecasts to ...
=264  \1$aLondon :$bBusiness Monitor International,$c2015-
=300  \\$billustrations (black and white)
=310  \\$aQuarterly
=336  \\$atext$2rdacontent
=337  \\$acomputer$2rdamedia
=338  \\$aonline resource$2rdacarrier
=362  0\$a2015/Q2-
=500  \\$aTitle from PDF cover.
=540  \\$aCurrent Copyright Fee: GBP100.00$c0$5Uk
=650  \0$aEconomic forecasting$zKenya$vPeriodicals.
=650  \0$aEconomic surveys$zKenya$vPeriodicals.
=651  \0$aKenya$xEconomic conditions$vPeriodicals.
=651  \0$aKenya$xEconomic policy$vPeriodicals.
=710  2\$aBusiness Monitor International,$eissuing body.
=780  00$tKenya business forecast report$x2058-1424
=856  4\$uhttp://www.bmiresearch.com/$zTo subscribe
=859  \\$aELD$bejournal
=CAT  \\$a10973$b40$c20150123$lBLL01$h1538
=CAT  \\$a3072$b40$c20150618$lBLL01$h1159
=CAT  \\$a3072$b40$c20150618$lBLL01$h1200
=CAT  \\$a3072$b40$c20150618$lBLL01$h1209
=CAT  \\$a3072$b40$c20150618$lBLL01$h1229
=CAT  \\$a3072$b40$c20150618$lBLL01$h1345
=CAT  \\$aBATCH-CLA$b00$c20150828$lBLL01$h1543
=CAT  \\$aWR15_120$c20150910$lBLL01$h1829
=CAT  \\$aIPL-CLA$c20150930$lBLL01$h1854
=CAT  \\$a8411$b40$c20160224$lBLL01$h1210
=CAT  \\$aW1711-1005$c20171206$lBLL01$h1828
=CAT  \\$a11313$b40$c20171218$lBLL01$h1456
=CFI  0\$aCurrent Copyright Fee: GBP100.00$c0$e01-oct-2015$fGBP100.00$g0$hC$5Uk
=FIN  \\$aY$d20150618
=LET  \0$aKenya country risk report (Electronic)
=LKR  \\$aPAR$b016626788$lBLL01$nKenya business forecast report$mKenya country risk report$r78000
=MNI  \\$a2057-9888
=LAS  \\$a11313$b40$c20171218$lBLL01$h1456

