=LDR  02019 as a2200565 i 4500
=001  017023046
=003  Uk
=005  20171218145914.0
=006  m\\\\\\\\d\|\\\\\\
=007  cr||||||||||||
=008  150123c20159999enkqr\p\o\\\\\0\\\a0eng\\
=FMT  \\$a  SE
=015  \\$aGBB578919$2bnb
=022  0\$a2057-9896$202
=037  \\$aCFKW$bBusiness Monitor International
=040  \\$aUk$beng$cUk$erda
=042  \\$aukblsr$aissnuk
=082  04$a330.9536700112$223
=222  \0$aKuwait country risk report
=245  00$aKuwait country risk report :$bincludes 10-year forecasts to ...
=264  \1$aLondon :$bBusiness Monitor International,$c2015-
=300  \\$billustrations (black and white)
=310  \\$aQuarterly
=336  \\$atext$2rdacontent
=337  \\$acomputer$2rdamedia
=338  \\$aonline resource$2rdacarrier
=362  0\$a2015/Q2-
=500  \\$aTitle from PDF cover.
=650  \0$aEconomic forecasting$zKuwait$vPeriodicals.
=650  \0$aEconomic surveys$zKuwait$vPeriodicals.
=650  \0$aIndustries$zKuwait$vPeriodicals.
=651  \0$aKuwait$xEconomic conditions$vPeriodicals.
=651  \0$aKuwait$xPolitics and government$vPeriodicals.
=710  2\$aBusiness Monitor International,$eissuing body.
=780  00$tKuwait business forecast report$x2058-1432
=856  4\$uhttp://www.bmiresearch.com/$zTo subscribe
=859  \\$aELD$bejournal
=CAT  \\$a10973$b40$c20150123$lBLL01$h1540
=CAT  \\$a3072$b40$c20150618$lBLL01$h1215
=CAT  \\$a3072$b40$c20150618$lBLL01$h1228
=CAT  \\$a3072$b40$c20150618$lBLL01$h1345
=CAT  \\$aWR15_120$c20150910$lBLL01$h1829
=CAT  \\$a8411$b40$c20160224$lBLL01$h1211
=CAT  \\$aW1711-1005$c20171206$lBLL01$h1828
=CAT  \\$a11313$b40$c20171218$lBLL01$h1459
=FIN  \\$aY$d20150618
=LET  \0$aKuwait country risk report (Electronic)
=LKR  \\$aPAR$b016626252$lBLL01$nKuwait business forecast report$mKuwait country risk report$r7800
=MNI  \\$a2057-9896
=LAS  \\$a11313$b40$c20171218$lBLL01$h1459

