=LDR  02224 as a2200601 i 4500
=001  017023052
=003  Uk
=005  20171218150001.0
=006  m\\\\\\\\d\|\\\\\\
=007  cr||||||||||||
=008  150123c20159999enkqr\p\o\\\\\0\\\a0eng\\
=FMT  \\$a  SE
=015  \\$aGBB578922$2bnb
=022  0\$a2057-990X$y1750-2136$202
=037  \\$aCFLV$bBusiness Monitor International
=040  \\$aUk$beng$cUk$erda
=042  \\$aukblsr$aissnuk
=082  04$a330.9479600112$223
=222  \0$aLatvia country risk report
=245  00$aLatvia country risk report :$bincludes 10-year forecasts to ...
=264  \1$aLondon :$bBusiness Monitor International,$c2015-
=300  \\$billustrations (black and white)
=310  \\$aQuarterly
=336  \\$atext$2rdacontent
=337  \\$acomputer$2rdamedia
=338  \\$aonline resource$2rdacarrier
=362  0\$a2015/Q2-
=500  \\$aTitle from PDF cover.
=540  \\$aCurrent Copyright Fee: GBP100.00$c0$5Uk
=650  \0$aEconomic forecasting$zLatvia$vPeriodicals.
=650  \0$aEconomic surveys$zLatvia$vPeriodicals.
=651  \0$aLatvia$xEconomic conditions$vPeriodicals.
=651  \0$aLatvia$xPolitics and government$vPeriodicals.
=710  2\$aBusiness Monitor International,$eissuing body.
=780  00$tLatvia business forecast report$x2058-1440
=856  4\$uhttp://www.bmiresearch.com/$zTo subscribe
=859  \\$aELD$bejournal
=CAT  \\$a10973$b40$c20150123$lBLL01$h1542
=CAT  \\$a3072$b40$c20150618$lBLL01$h1230
=CAT  \\$a3072$b40$c20150618$lBLL01$h1318
=CAT  \\$a3072$b40$c20150618$lBLL01$h1345
=CAT  \\$aBATCH-CLA$b00$c20150828$lBLL01$h1543
=CAT  \\$aWR15_120$c20150910$lBLL01$h1829
=CAT  \\$aIPL-CLA$c20150930$lBLL01$h1854
=CAT  \\$a8411$b40$c20160224$lBLL01$h1212
=CAT  \\$aW1711-1005$c20171206$lBLL01$h1828
=CAT  \\$a11313$b40$c20171218$lBLL01$h1500
=CFI  0\$aCurrent Copyright Fee: GBP100.00$c0$e01-oct-2015$fGBP100.00$g0$hC$5Uk
=FIN  \\$aY$d20150618
=LET  \0$aLatvia country risk report (Electronic)
=LKR  \\$aPAR$b016626722$lBLL01$nLatvia business forecast report$mLatvia country risk report$r78000
=MNI  \\$a2057-990X
=LAS  \\$a11313$b40$c20171218$lBLL01$h1500

