=LDR  02189 as a2200589 i 4500
=001  017023061
=003  Uk
=005  20160224121343.0
=006  m\\\\\\\\d\|\\\\\\
=007  cr||||||||||||
=008  150123c20159999enkqr\p\o\\\\\0\\\a0eng\\
=FMT  \\$a  SE
=015  \\$aGBB578935$2bnb
=022  0\$a2057-9918$202
=037  \\$aCFLB$bBusiness Monitor International
=040  \\$aUk$beng$cUk$erda
=042  \\$aukblsr$aissnuk
=082  04$a330.9569100112$223
=222  \0$aLebanon & Syria country risk report
=245  00$aLebanon & Syria country risk report :$bincludes 10-year forecasts to ... /$cBMI Research.
=246  3\$aLebanon and Syria country risk report
=264  \1$aLondon :$bBMI Research,$c2015-
=300  \\$billustrations (black and white)
=310  \\$aQuarterly
=336  \\$atext$2rdacontent
=337  \\$acomputer$2rdamedia
=338  \\$aonline resource$2rdacarrier
=362  0\$a2015/Q2-
=500  \\$aTitle from PDF cover.
=650  \0$aEconomic forecasting$zLebanon$vPeriodicals.
=650  \0$aEconomic forecasting$zSyria$vPeriodicals.
=650  \0$aEconomic suvey$zLebanon$vPeriodicals.
=651  \0$aLebanon$xEconomic policy$vPeriodicals.
=651  \0$aSyria$xEconomic policy$vPeriodicals.
=650  \0$aEconomic suvey$zSyria$vPeriodicals.
=650  \0$aLebanon$xEconomic conditions$vPeriodicals.
=650  \0$aSyria$xEconomic conditions$vPeriodicals.
=710  2\$aBMI Research (Firm),$eissuing body.
=780  00$tLebanon & Syria business forecast report$x2058-1459
=856  4\$uhttp://www.bmiresearch.com/$zTo subscribe
=859  \\$aELD$bejournal
=CAT  \\$a10973$b40$c20150123$lBLL01$h1546
=CAT  \\$a3072$b40$c20150618$lBLL01$h1339
=CAT  \\$a3072$b40$c20150618$lBLL01$h1412
=CAT  \\$aWR15_120$c20150910$lBLL01$h1829
=CAT  \\$a8411$b40$c20160224$lBLL01$h1213
=CAT  \\$aW1711-1005$c20171206$lBLL01$h1828
=FIN  \\$aY$d20150618
=LET  \0$aLebanon & Syria country risk report (Electronic)
=LKR  \\$aPAR$b016626959$lBLL01$nLebanon & Syria business forecast report$mLebanon & Syria country risk report$r78000
=MNI  \\$a2057-9918
=LAS  \\$aW1711-1005$b00$c20171206$lBLL01$h1828

