=LDR  01985 as a2200541 i 4500
=001  017023068
=003  Uk
=005  20171218150045.0
=006  m\\\\\\\\d\|\\\\\\
=007  cr||||||||||||
=008  150123c20159999enkqr\p\o\\\\\0\\\a0eng\\
=FMT  \\$a  SE
=015  \\$aGBB578942$2bnb
=022  0\$a2057-9934$202
=037  \\$aCFMK$bBusiness Monitor International
=040  \\$aUk$beng$cUk$erda
=042  \\$aukblsr$aissnuk
=082  04$a330.9497600112$223
=222  \0$aMacedonia country risk report
=245  00$aMacedonia country risk report :$bincludes 10-year forecasts to ... /$cBMI Research.
=264  \1$aLondon :$bBMI Research,$c2015-
=300  \\$billustrations (black and white)
=310  \\$aQuarterly
=336  \\$atext$2rdacontent
=337  \\$acomputer$2rdamedia
=338  \\$aonline resource$2rdacarrier
=362  0\$a2015/Q2-
=500  \\$aTitle from PDF cover.
=650  \0$aEconomic forecasting$zMacedonia (Republic)$vPeriodicals.
=650  \0$aEconomic surveys$zMacedonia (Republic)$vPeriodicals.
=651  \0$aMacedonia (Republic)$xEconomic conditions$vPeriodicals.
=651  \0$aMacedonia (Republic)$xPolitics and government$vPeriodicals.
=710  2\$aBMI Research (Firm),$eissuing body.
=780  00$tMacedonia business forecast report$x2057-7591
=859  \\$aELD$bejournal
=856  4\$uhttp://www.bmiresearch.com/$zTo subscribe
=CAT  \\$a10973$b40$c20150123$lBLL01$h1550
=CAT  \\$a3072$b40$c20150618$lBLL01$h1408
=CAT  \\$a3072$b40$c20150618$lBLL01$h1421
=CAT  \\$aWR15_120$c20150910$lBLL01$h1829
=CAT  \\$a8411$b40$c20160224$lBLL01$h1317
=CAT  \\$aW1711-1005$c20171206$lBLL01$h1828
=CAT  \\$a11313$b40$c20171218$lBLL01$h1500
=FIN  \\$aY$d20150618
=LET  \0$aMacedonia country risk report (Electronic)
=LKR  \\$aPAR$b016626598$lBLL01$nMacedonia business forecast report$mMacedonia country risk report$r78000
=MNI  \\$a2057-9934
=LAS  \\$a11313$b40$c20171218$lBLL01$h1500

