=LDR  02174 as a2200577 i 4500
=001  017023100
=003  Uk
=005  20160224132247.0
=006  m\\\\\\\\d\|\\\\\\
=007  cr||||||||||||
=008  150123c20159999enkqr\p\o\\\\\0\\\a0eng\\
=FMT  \\$a  SE
=015  \\$aGBB572239$2bnb
=022  0\$a2057-9969$y1744-8891$202
=037  \\$aCFMX$bBusiness Monitor International
=040  \\$aUk$beng$cUk$erda
=042  \\$aukblsr$aissnuk
=082  04$a330.97200112$223
=222  \0$aMexico country risk report
=245  00$aMexico country risk report :$bincludes 10-year forecasts to ... /$cBusiness Monitor International.
=264  \1$aLondon :$bBusiness Monitor International Limited,$c2015-
=300  \\$billustrations (black and white)
=310  \\$aQuarterly
=336  \\$atext$2rdacontent
=337  \\$acomputer$2rdamedia
=338  \\$aonline resource$2rdacarrier
=362  0\$a2015/Q2-
=500  \\$aTitle from PDF cover.
=540  \\$aCurrent Copyright Fee: GBP100.00$c0$5Uk
=650  \0$aEconomic forecasting$zMexico$vPeriodicals.
=651  \0$aMexico$xEconomic policy$vPeriodicals.
=651  \0$aMexico$xEconomic conditions$vPeriodicals.
=651  \0$aMexico$xPolitics and government$vPeriodicals.
=710  2\$aBusiness Monitor International,$eissuing body.
=780  00$tMexico business forecast report$x2057-7621
=856  4\$uhttp://www.bmiresearch.com/$zTo subscribe
=859  \\$aELD$bejournal
=CAT  \\$a10973$b40$c20150123$lBLL01$h1603
=CAT  \\$a11315$b40$c20150603$lBLL01$h0839
=CAT  \\$a11315$b40$c20150603$lBLL01$h0948
=CAT  \\$aBATCH-CLA$b00$c20150828$lBLL01$h1543
=CAT  \\$aWR15_120$c20150910$lBLL01$h1829
=CAT  \\$aIPL-CLA$c20150930$lBLL01$h1854
=CAT  \\$a8411$b40$c20160224$lBLL01$h1322
=CAT  \\$aW1711-1005$c20171206$lBLL01$h1828
=CFI  0\$aCurrent Copyright Fee: GBP100.00$c0$e01-oct-2015$fGBP100.00$g0$hC$5Uk
=FIN  \\$aY$d20150603
=LET  \0$aMexico country risk report (Electronic)
=LKR  \\$aPAR$b016625966$lBLL01$nMexico business forecast report$mMexico country risk report$r78000
=MNI  \\$a2057-9969
=LAS  \\$aW1711-1005$b00$c20171206$lBLL01$h1828

