=LDR  01945 as a2200529 i 4500
=001  017023103
=003  Uk
=005  20160224132434.0
=006  m\\\\\\\\d\|\\\\\\
=007  cr||||||||||||
=008  150123c20159999enkqr\p\o\\\\\0\\\a0eng\\
=FMT  \\$a  SE
=015  \\$aGBB572245$2bnb
=022  0\$a2057-9977$y2045-7790$202
=037  \\$aCFMN$bBusiness Monitor International
=040  \\$aUk$beng$cUk$erda
=042  \\$aukblsr$aissnuk
=082  04$a330.951700112$223
=222  \0$aMongolia country risk report
=245  00$aMongolia country risk report :$bincludes 10-year forecasts to ... /$cBusiness Monitor International.
=264  \1$aLondon :$bBusiness Monitor International,$c2015-
=300  \\$billustrations (black and white)
=310  \\$aQuarterly
=336  \\$atext$2rdacontent
=337  \\$acomputer$2rdamedia
=338  \\$aonline resource$2rdacarrier
=362  0\$a2015/Q2-
=500  \\$aTitle from PDF cover.
=650  \0$aEconomic forecasting$zMongolia$vPeriodicals.
=651  \0$aMongolia$xEconomic policy$vPeriodicals.
=651  \0$aMongolia$xEconomic conditions$vPeriodicals.
=651  \0$aMongolia$xPolitics and government$vPeriodicals.
=710  2\$aBusiness Monitor International,$eissuing body.
=780  00$tMongolia business forecast report$x2058-1998
=856  4\$uhttp://www.bmiresearch.com/$zTo subscribe
=859  \\$aELD$bejournal
=CAT  \\$a10973$b40$c20150123$lBLL01$h1605
=CAT  \\$a11315$b40$c20150603$lBLL01$h0904
=CAT  \\$a11315$b40$c20150603$lBLL01$h0948
=CAT  \\$aWR15_120$c20150910$lBLL01$h1829
=CAT  \\$a8411$b40$c20160224$lBLL01$h1324
=CAT  \\$aW1711-1005$c20171206$lBLL01$h1828
=FIN  \\$aY$d20150603
=LET  \0$aMongolia country risk report (Electronic)
=LKR  \\$aPAR$b016626953$lBLL01$nMongolia business forecast report$mMongolia country risk report$r78000
=MNI  \\$a2057-9977
=LAS  \\$aW1711-1005$b00$c20171206$lBLL01$h1828

