=LDR  01878 as a2200529 i 4500
=001  017023116
=003  Uk
=005  20160224132821.0
=006  m\\\\\\\\d\|\\\\\\
=007  cr||||||||||||
=008  150123c20159999enkqr\p\o\\\\\0\\\a0eng\\
=FMT  \\$a  SE
=015  \\$aGBB572251$2bnb
=022  0\$a2058-0002$202
=037  \\$aCFNA$bBusiness Monitor International
=040  \\$aUk$beng$cUk$erda
=042  \\$aukblsr$aissnuk
=082  04$a330.9688100112$223
=222  \0$aNamibia country risk report
=245  00$aNamibia country risk report :$bincludes 10-year forecasts to ... /$cBMI Research.
=264  \1$aLondon :$bBMI Research,$c2015-
=300  \\$billustrations (black and white)
=310  \\$aQuarterly
=336  \\$atext$2rdacontent
=337  \\$acomputer$2rdamedia
=338  \\$aonline resource$2rdacarrier
=362  0\$a2015/Q2-
=500  \\$aTitle from PDF cover.
=650  \0$aEconomic forecasting$zNamibia$vPeriodicals.
=651  \0$aNamibia$xEconomic policy$vPeriodicals.
=651  \0$aNamibia$xEconomic conditions$vPeriodicals.
=651  \0$aNamibia$xPolitics and government$vPeriodicals.
=710  2\$aBMI Research (Firm),$eissuing body.
=780  00$tNamibia business forecast report$x2058-2021
=856  4\$uhttp://www.bmiresearch.com/$zTo subscribe
=859  \\$aELD$bejournal
=CAT  \\$a10973$b40$c20150123$lBLL01$h1611
=CAT  \\$a11315$b40$c20150603$lBLL01$h0934
=CAT  \\$a11315$b40$c20150603$lBLL01$h0950
=CAT  \\$aWR15_120$c20150910$lBLL01$h1829
=CAT  \\$a8411$b40$c20160224$lBLL01$h1328
=CAT  \\$aW1711-1005$c20171206$lBLL01$h1828
=FIN  \\$aY$d20150603
=LET  \0$aNamibia country risk report (Electronic)
=LKR  \\$aPAR$b016626875$lBLL01$nNamibia business forecast report$mNamibia country risk report$r78000
=MNI  \\$a2058-0002
=LAS  \\$aW1711-1005$b00$c20171206$lBLL01$h1828

