=LDR  01861 as a2200517 i 4500
=001  017023120
=003  Uk
=005  20160224132919.0
=006  m\\\\\\\\d\|\\\\\\
=007  cr||||||||||||
=008  150123c20159999enkqr\p\o\\\\\0\\\a0eng\\
=FMT  \\$a  SE
=015  \\$aGBB572255$2bnb
=022  0\$a2058-0010$202
=037  \\$aCFNL$bBusiness Monitor International
=040  \\$aUk$beng$cUk$erda
=042  \\$aukblsr$aissnuk
=082  04$a330.949200112$223
=222  \0$aNetherlands country risk report
=245  00$aNetherlands country risk report :$bincludes 10-year forecasts to ... /$cBMI Research.
=264  \1$aLondon :$bBMI Research,$c2015-
=300  \\$billustrations (black and white)
=310  \\$aQuarterly
=336  \\$atext$2rdacontent
=337  \\$acomputer$2rdamedia
=338  \\$aonline resource$2rdacarrier
=362  0\$a2015/Q2-
=500  \\$aTitle from PDF cover.
=650  \0$aEconomic forecasting$zNetherlands$vPeriodicals.
=651  \0$aNetherlands$xEconomic policy$vPeriodicals.
=651  \0$aNetherlands$xEconomic conditions$vPeriodicals.
=651  \0$aNetherlands$xPolitics and government$vPeriodicals.
=710  2\$aBMI Research (Firm),$eissuing body.
=780  00$tNetherlands business forecast report$x2058-2528
=856  4\$uhttp://www.bmiresearch.com/$zTo subscribe
=859  \\$aELD$bejournal
=CAT  \\$a10973$b40$c20150123$lBLL01$h1612
=CAT  \\$a11315$b40$c20150603$lBLL01$h0946
=CAT  \\$aWR15_120$c20150910$lBLL01$h1829
=CAT  \\$a8411$b40$c20160224$lBLL01$h1329
=CAT  \\$aW1711-1005$c20171206$lBLL01$h1828
=FIN  \\$aY$d20150603
=LET  \0$aNetherlands country risk report (Electronic)
=LKR  \\$aPAR$b016626930$lBLL01$nNetherlands business forecast$mNetherlands country risk report$r78000
=MNI  \\$a2058-0010
=LAS  \\$aW1711-1005$b00$c20171206$lBLL01$h1828

