=LDR  02399 as a2200613 i 4500
=001  017023132
=003  Uk
=005  20171102115713.0
=006  m\\\\\\\\d\|\\\\\\
=007  cr||||||||||||
=008  150123d2015201uenkqr\p\o\s\\\0\\\a0eng\\
=FMT  \\$a  SE
=015  \\$aGBB572375$2bnb
=022  0\$a2058-0053$y1750-216X$202
=037  \\$aCFOY$bBusiness Monitor International
=040  \\$aUk$beng$cUk$dUk$erda
=042  \\$aukblsr$aissnuk
=082  04$a330.953300112$223
=222  \0$aOman & Yemen country risk report
=245  00$aOman & Yemen country risk report :$bincludes 10-year forecasts to ... /$cBusiness Monitor International.
=264  \1$aLondon :$bBusiness Monitor International,$c2015-[2016 or 2017]
=300  \\$billustrations (black and white)
=310  \\$aQuarterly
=336  \\$atext$2rdacontent
=337  \\$acomputer$2rdamedia
=338  \\$aonline resource$2rdacarrier
=362  0\$aQ2 (2015)-
=500  \\$aTitle from PDF cover.
=650  \0$aEconomic forecasting$zOman$vPeriodicals.
=651  \0$aOman$xEconomic policy$vPeriodicals.
=651  \0$aOman$xEconomic conditions$vPeriodicals.
=651  \0$aOman$xPolitics and government$vPeriodicals.
=650  \0$aEconomic forecasting$zYemen (Republic)$vPeriodicals.
=651  \0$aYemen (Republic)$xEconomic policy$vPeriodicals.
=651  \0$aYemen (Republic)$xEconomic conditions$vPeriodicals.
=651  \0$aYemen (Republic)$xPolitics and government$vPeriodicals.
=710  2\$aBusiness Monitor International,$eissuing body.
=780  00$tOman & Yemen business forecast report$x2058-2560
=785  06$tOman country risk report$x2514-4189
=785  06$tYemen country risk report$x2514-4197
=856  4\$uhttp://www.bmiresearch.com/$zTo subscribe
=859  \\$aELD$bejournal
=CAT  \\$a10973$b40$c20150123$lBLL01$h1620
=CAT  \\$a10806$b40$c20150604$lBLL01$h1044
=CAT  \\$a10806$b40$c20150604$lBLL01$h1045
=CAT  \\$aWR15_120$c20150910$lBLL01$h1829
=CAT  \\$a8411$b40$c20160224$lBLL01$h1335
=CAT  \\$a8323$b40$c20171102$lBLL01$h1157
=CAT  \\$aW1711-1005$c20171206$lBLL01$h1828
=FIN  \\$aY$d20150604
=LET  \0$aOman & Yemen country risk report (Electronic)
=LKR  \\$aPAR$b016626847$lBLL01$r78000$mOman & Yemen country risk report$nOman & Yemen business forecast report
=MNI  \\$a2058-0053
=LAS  \\$aW1711-1005$b00$c20171206$lBLL01$h1828

