=LDR  01984 as a2200541 i 4500
=001  017023134
=003  Uk
=005  20160224133606.0
=006  m\\\\\\\\d\|\\\\\\
=007  cr||||||||||||
=008  150123c20159999enkqr\p\o\\\\\0\\\a0eng\\
=FMT  \\$a  SE
=015  \\$aGBB572382$2bnb
=022  0\$a2058-0061$202
=037  \\$aCFPK$bBusiness Monitor International
=040  \\$aUk$beng$cUk$erda
=042  \\$aukblsr$aissnuk
=082  04$a330.9549100112$223
=222  \0$aPakistan country risk report
=245  00$aPakistan country risk report :$bincludes 10-year forecasts to ... /$cBusiness Monitor International.
=264  \1$aLondon :$bBusiness Monitor International,$c2015-
=300  \\$billustrations (black and white)
=310  \\$aQuarterly
=336  \\$atext$2rdacontent
=337  \\$acomputer$2rdamedia
=338  \\$aonline resource$2rdacarrier
=362  0\$a2015/Q2-
=500  \\$aTitle from PDF cover.
=650  \0$aEconomic forecasting$zPakistan$vPeriodicals.
=651  \0$aPakistan$xEconomic policy$vPeriodicals.
=651  \0$aPakistan$xEconomic conditions$vPeriodicals.
=651  \0$aPakistan$xPolitics and government$vPeriodicals.
=710  2\$aBusiness Monitor International,$eissuing body.
=780  00$tPakistan business forecast report$x2058-2579
=856  4\$uhttp://www.bmiresearch.com/$zTo subscribe
=859  \\$aELD$bejournal
=CAT  \\$a10973$b40$c20150123$lBLL01$h1623
=CAT  \\$a10806$b40$c20150604$lBLL01$h1108
=CAT  \\$a10806$b40$c20150604$lBLL01$h1109
=CAT  \\$a10806$b40$c20150604$lBLL01$h1114
=CAT  \\$aWR15_120$c20150910$lBLL01$h1829
=CAT  \\$a8411$b40$c20160224$lBLL01$h1336
=CAT  \\$aW1711-1005$c20171206$lBLL01$h1828
=FIN  \\$aY$d20150604
=LET  \0$aPakistan country risk report (Electronic)
=LKR  \\$aPAR$b016626274$lBLL01$r78000$mPakistan country risk report$nPakistan business forecast report
=MNI  \\$a2058-0061
=LAS  \\$aW1711-1005$b00$c20171206$lBLL01$h1828

