=LDR  01846 as a2200529 i 4500
=001  017023136
=003  Uk
=005  20160224133744.0
=006  m\\\\\\\\d\|\\\\\\
=007  cr||||||||||||
=008  150123c20159999enkqr\p\o\\\\\0\\\a0eng\\
=FMT  \\$a  SE
=015  \\$aGBB572387$2bnb
=022  0\$a2058-007X$202
=037  \\$aCFPE$bBusiness Monitor International
=040  \\$aUk$beng$cUk$erda
=042  \\$aukblsr$aissnuk
=082  04$a330.98500112$223
=222  \0$aPeru country risk report
=245  00$aPeru country risk report :$bincludes 10-year forecasts to ... /$cBMI Research.
=264  \1$aLondon :$bBMI Research,$c2015-
=300  \\$billustrations (black and white)
=310  \\$aQuarterly
=336  \\$atext$2rdacontent
=337  \\$acomputer$2rdamedia
=338  \\$aonline resource$2rdacarrier
=362  0\$a2015/Q2-
=500  \\$aTitle from PDF cover.
=650  \0$aEconomic forecasting$zPeru$vPeriodicals.
=651  \0$aPeru$xEconomic policy$vPeriodicals.
=651  \0$aPeru$xEconomic conditions$vPeriodicals.
=651  \0$aPeru$xPolitics and government$vPeriodicals.
=710  2\$aBMI Research (Firm),$eissuing body.
=780  00$tPeru business forecast report$x2058-2587
=856  4\$uhttp://www.bmiresearch.com/$zTo subscribe
=859  \\$aELD$bejournal
=CAT  \\$a10973$b40$c20150123$lBLL01$h1624
=CAT  \\$a10806$b40$c20150604$lBLL01$h1124
=CAT  \\$a10806$b40$c20150604$lBLL01$h1125
=CAT  \\$aWR15_120$c20150910$lBLL01$h1829
=CAT  \\$a8411$b40$c20160224$lBLL01$h1337
=CAT  \\$aW1711-1005$c20171206$lBLL01$h1828
=FIN  \\$aY$d20150604
=LET  \0$aPeru country risk report (Electronic)
=LKR  \\$aPAR$b016626296$lBLL01$r78000$mPeru country risk report$nPeru business forecast report
=MNI  \\$a2058-007X
=LAS  \\$aW1711-1005$b00$c20171206$lBLL01$h1828

