=LDR  01838 as a2200517 i 4500
=001  017023145
=003  Uk
=005  20160224134154.0
=006  m\\\\\\\\d\|\\\\\\
=007  cr||||||||||||
=008  150123c20159999enkqr\p\o\\\\\0\\\a0eng\\
=FMT  \\$a  SE
=015  \\$aGBB572410$2bnb
=022  0\$a2058-010X$202
=037  \\$aCFPT$bBusiness Monitor International
=040  \\$aUk$beng$cUk$erda
=042  \\$aukblsr$aissnuk
=082  04$a330.946900112$223
=222  \0$aPortugal country risk report
=245  00$aPortugal country risk report :$bincludes 10-year forecasts to ... /$cBMI Research.
=264  \1$aLondon :$bBMI Research,$c2015-
=300  \\$billustrations (black and white)
=310  \\$aQuarterly
=336  \\$atext$2rdacontent
=337  \\$acomputer$2rdamedia
=338  \\$aonline resource$2rdacarrier
=362  0\$a2015/Q2-
=500  \\$aTitle from PDF cover.
=650  \0$aEconomic forecasting$zPortugal$vPeriodicals.
=651  \0$aPortugal$xEconomic policy$vPeriodicals.
=651  \0$aPortugal$xEconomic conditions$vPeriodicals.
=651  \0$aPortugal$xPolitics and government$vPeriodicals.
=710  2\$aBMI Research (Firm),$eissuing body.
=780  00$tPortugal business forecast report$x2058-2617
=856  4\$uhttp://www.bmiresearch.com/$zTo subscribe
=859  \\$aELD$bejournal
=CAT  \\$a10973$b40$c20150123$lBLL01$h1633
=CAT  \\$a10806$b40$c20150604$lBLL01$h1322
=CAT  \\$aWR15_120$c20150910$lBLL01$h1829
=CAT  \\$a8411$b40$c20160224$lBLL01$h1341
=CAT  \\$aW1711-1005$c20171206$lBLL01$h1828
=FIN  \\$aY$d20150604
=LET  \0$aPortugal country risk report (Electronic)
=LKR  \\$aPAR$b016626921$lBLL01$r78000$mPortugal country risk report$nPortugal business forecast report
=MNI  \\$a2058-010X
=LAS  \\$aW1711-1005$b00$c20171206$lBLL01$h1828

