=LDR  01809 as a2200517 i 4500
=001  017023146
=003  Uk
=005  20160224134354.0
=006  m\\\\\\\\d\|\\\\\\
=007  cr||||||||||||
=008  150123c20159999enkqr\p\o\\\\\0\\\a0eng\\
=FMT  \\$a  SE
=015  \\$aGBB572413$2bnb
=022  0\$a2058-0118$202
=037  \\$aCFQA$bBusiness Monitor International
=040  \\$aUk$beng$cUk$erda
=042  \\$aukblsr$aissnuk
=082  04$a330.9536300112$223
=222  \0$aQatar country risk report
=245  00$aQatar country risk report :$bincludes 10-year forecasts to ... /$cBMI Research.
=264  \1$aLondon :$bBMI Research,$c2015-
=300  \\$billustrations (black and white)
=310  \\$aQuarterly
=336  \\$atext$2rdacontent
=337  \\$acomputer$2rdamedia
=338  \\$aonline resource$2rdacarrier
=362  0\$a2015/Q2-
=500  \\$aTitle from PDF cover.
=650  \0$aEconomic forecasting$zQatar$vPeriodicals.
=651  \0$aQatar$xEconomic policy$vPeriodicals.
=651  \0$aQatar$xEconomic conditions$vPeriodicals.
=651  \0$aQatar$xPolitics and government$vPeriodicals.
=710  2\$aBMI Research (Firm),$eissuing body.
=780  00$tQatar business forecast report$x2058-2625
=856  4\$uhttp://www.bmiresearch.com/$zTo subscribe
=859  \\$aELD$bejournal
=CAT  \\$a10973$b40$c20150123$lBLL01$h1635
=CAT  \\$a10806$b40$c20150604$lBLL01$h1338
=CAT  \\$aWR15_120$c20150910$lBLL01$h1829
=CAT  \\$a8411$b40$c20160224$lBLL01$h1343
=CAT  \\$aW1711-1005$c20171206$lBLL01$h1828
=FIN  \\$aY$d20150604
=LET  \0$aQatar country risk report (Electronic)
=LKR  \\$aPAR$b016626679$lBLL01$r78000$mQatar country risk report$nQatar business forecast report
=MNI  \\$a2058-0118
=LAS  \\$aW1711-1005$b00$c20171206$lBLL01$h1828

