=LDR  01877 as a2200529 i 4500
=001  017023147
=003  Uk
=005  20160224134513.0
=006  m\\\\\\\\d\|\\\\\\
=007  cr||||||||||||
=008  150123c20159999enkqr\p\o\\\\\0\\\a0eng\\
=FMT  \\$a  SE
=015  \\$aGBB572419$2bnb
=022  0\$a2058-0126$202
=037  \\$aCFRO$bBusiness Monitor International
=040  \\$aUk$beng$cUk$erda
=042  \\$aukblsr$aissnuk
=082  04$a330.949800112$223
=222  \0$aRomania country risk report
=245  00$aRomania country risk report :$bincludes 10-year forecasts to ... /$cBMI Research.
=264  \1$aLondon :$bBMI Research,$c2015-
=300  \\$billustrations (black and white)
=310  \\$aQuarterly
=336  \\$atext$2rdacontent
=337  \\$acomputer$2rdamedia
=338  \\$aonline resource$2rdacarrier
=362  0\$a2015/Q2-
=500  \\$aTitle from PDF cover.
=650  \0$aEconomic forecasting$zRomania$vPeriodicals.
=651  \0$aRomania$xEconomic policy$vPeriodicals.
=651  \0$aRomania$xEconomic conditions$vPeriodicals.
=651  \0$aRomania$xPolitics and government$vPeriodicals.
=710  2\$aBMI Research (Firm),$eissuing body.
=780  00$tRomania business forecast report$x2058-2633
=856  4\$uhttp://www.bmiresearch.com/$zTo subscribe
=859  \\$aELD$bejournal
=CAT  \\$a10973$b40$c20150123$lBLL01$h1637
=CAT  \\$a10806$b40$c20150604$lBLL01$h1352
=CAT  \\$a10806$b40$c20150604$lBLL01$h1353
=CAT  \\$aWR15_120$c20150910$lBLL01$h1829
=CAT  \\$a8411$b40$c20160224$lBLL01$h1345
=CAT  \\$aW1711-1005$c20171206$lBLL01$h1828
=FIN  \\$aY$d20150604
=LET  \0$aRomania country risk report (Electronic)
=LKR  \\$aPAR$b016626362$lBLL01$r78000$mRomania country risk report$nRomania business forecast report
=MNI  \\$a2058-0126
=LAS  \\$aW1711-1005$b00$c20171206$lBLL01$h1828

