=LDR  02129 as a2200445 i 4500
=001  017030034
=003  Uk
=005  20160330174704.0
=006  m\\\\\|\\d\|\\\\\\
=007  cr\|||||||||||
=008  150128c200u9999wlkar\\\os\\\o0\\\a0eng\\
=FMT  \\$a  SE
=040  \\$aUk$beng$cUk$erda
=042  \\$aukblsr
=082  04$a338.479109429$223
=245  00$aLocal authority tourism profiles.
=246  1\$iWelsh interface Web page title:$aProffiliau twristiaeth awdurdodau lleol
=264  \1$aCardiff :$bWelsh Government
=300  \\$billustrations (colour), maps (colour)
=310  \\$aAnnual
=336  \\$atext$2rdacontent
=337  \\$acomputer$2rdamedia
=338  \\$aonline resource$2rdacarrier
=520  \\$aSummaries of key tourism statistics for each local authority area. Consists of 22 individual reports by area, plus another entitled: Comparison of local authorities.
=550  \\$aAt head of title: Ystadegau ar gyfer Cymru = Statistics for Wales.
=588  \\$aDescription based on: 2010/12 issues, published 2014; title from Web page (Welsh Government Web site, viewed January 28, 2015).
=650  \0$aTourism$zWales$vStatistics$vPeriodicals.
=710  1\$aWales.$bWelsh Government,$eissuing body.
=856  4\$uhttp://wales.gov.uk/statistics-and-research/local-authority-tourism-profiles/?lang=en$zCurrent release:
=859  \\$aELD$bejournal
=985  \\$aQueried with Jennie whether to do on one record or separately like 016957362 (covering various health etc stats); preference for former with item line note for area plus date; not clear whether will be ongoing - Web page: "it is intended to update the series annually ..." but not further issues yet by March 2016.
=CAT  \\$a3072$b40$c20150128$lBLL01$h1400
=CAT  \\$a3072$b40$c20151112$lBLL01$h0948
=CAT  \\$a3072$b40$c20160330$lBLL01$h1732
=CAT  \\$a3072$b40$c20160330$lBLL01$h1747
=CAT  \\$aBATCH-UPD$b40$c20160924$lBLL01$h0637
=CAT  \\$aW1711-1005$c20171206$lBLL01$h1828
=FIN  \\$aY$d20160330
=LET  \0$aLocal authority tourism profiles (Electronic)
=LAS  \\$aW1711-1005$b00$c20171206$lBLL01$h1828

