=LDR  02195 as a2200565 i 4500
=001  017031515
=003  Uk
=005  20160224134905.0
=006  m\\\\\\\\d\|\\\\\\
=007  cr\|||||||||||
=008  150129c20159999enkqr\p\o\\\\\0\\\a0eng\\
=FMT  \\$a  SE
=015  \\$aGBB543433$2bnb
=022  0\$a2058-0150$y1745-0683$202
=037  \\$aCFSA$bBusiness Monitor International
=040  \\$aUk$beng$cUk$erda
=042  \\$aukblsr$aissnuk
=082  04$a330.953800112$223
=222  \0$aSaudi Arabia country risk report
=245  00$aSaudi Arabia country risk report :$bincludes 10-year forecasts to ... /$cBusiness Monitor International.
=264  \1$aLondon :$bBusiness Monitor International Limited,$c2015-
=300  \\$billustrations (black and white)
=310  \\$aQuarterly
=336  \\$atext$2rdacontent
=337  \\$acomputer$2rdamedia
=338  \\$aonline resource$2rdacarrier
=362  0\$a2015/Q2-
=500  \\$aTitle from PDF cover.
=540  \\$aCurrent Copyright Fee: GBP100.00$c0$5Uk
=650  \0$aEconomic forecasting$zSaudi Arabia$vPeriodicals.
=651  \0$aSaudi Arabia$xEconomic policy$vPeriodicals.
=651  \0$aSaudi Arabia$xEconomic conditions$vPeriodicals.
=651  \0$aSaudi Arabia$xPolitics and government$vPeriodicals.
=710  2\$aBusiness Monitor International,$eissuing body.
=780  00$tSaudi Arabia business forecast report$x2058-2668
=856  4\$uhttp://www.bmiresearch.com/$zTo subscribe
=859  \\$aELD$bejournal
=CAT  \\$a10973$b40$c20150129$lBLL01$h1604
=CAT  \\$a11316$b40$c20150408$lBLL01$h1134
=CAT  \\$aBATCH-CLA$b00$c20150529$lBLL01$h1529
=CAT  \\$aIPL-CLA$c20150630$lBLL01$h1724
=CAT  \\$aWR15_120$c20150910$lBLL01$h1829
=CAT  \\$a8411$b40$c20160224$lBLL01$h1349
=CAT  \\$aW1711-1005$c20171206$lBLL01$h1828
=CFI  0\$aCurrent Copyright Fee: GBP100.00$c0$e01-jul-2015$fGBP100.00$g0$hC$5Uk
=FIN  \\$aY$d20150408
=LET  \0$aSaudi Arabia country risk report (Electronic)
=LKR  \\$aPAR$b016626383$lBLL01$nSaudi Arabia business forecast report (Online)$mSaudi Arabia country risk report$r78000
=MNI  \\$a2058-0150
=LAS  \\$aW1711-1005$b00$c20171206$lBLL01$h1828

