=LDR  01848 as a2200517 i 4500
=001  017031524
=003  Uk
=005  20160224135728.0
=006  m\\\\\\\\d\|\\\\\\
=007  cr\|||||||||||
=008  150129c20159999enkqr\p\o\\\\\0\\\a0eng\\
=FMT  \\$a  SE
=015  \\$aGBB543469$2bnb
=022  0\$a2058-0207$202
=037  \\$aCFSI$bBusiness Monitor International
=040  \\$aUk$beng$cUk$erda
=042  \\$aukblsr$aissnuk
=082  04$a330.9497300112$223
=222  \0$aSlovenia country risk report
=245  00$aSlovenia country risk report :$bincludes 10-year forecasts to ... /$cBMI Research.
=264  \1$aLondon :$bBMI Research,$c2015-
=300  \\$billustrations (black and white)
=310  \\$aQuarterly
=336  \\$atext$2rdacontent
=337  \\$acomputer$2rdamedia
=338  \\$aonline resource$2rdacarrier
=362  0\$a2015/Q2-
=500  \\$aTitle from PDF cover.
=650  \0$aEconomic forecasting$zSlovenia$vPeriodicals.
=651  \0$aSlovenia$xEconomic policy$vPeriodicals.
=651  \0$aSlovenia$xEconomic conditions$vPeriodicals.
=651  \0$aSlovenia$xPolitics and government$vPeriodicals.
=710  2\$aBMI Research (Firm),$eissuing body.
=780  00$tSlovenia business forecast report$x2058-2706
=856  4\$uhttp://www.bmiresearch.com/$zTo subscribe
=859  \\$aELD$bejournal
=CAT  \\$a10973$b40$c20150129$lBLL01$h1620
=CAT  \\$a11316$b40$c20150408$lBLL01$h1354
=CAT  \\$aWR15_120$c20150910$lBLL01$h1829
=CAT  \\$a8411$b40$c20160224$lBLL01$h1357
=CAT  \\$aW1711-1005$c20171206$lBLL01$h1828
=FIN  \\$aY$d20150408
=LET  \0$aSlovenia country risk report (Electronic)
=LKR  \\$aPAR$b016625828$lBLL01$nSlovenia business forecast report (Online)$mSlovenia country risk report$r78000
=MNI  \\$a2058-0207
=LAS  \\$aW1711-1005$b00$c20171206$lBLL01$h1828

