=LDR  02194 as a2200565 i 4500
=001  017031527
=003  Uk
=005  20160224135908.0
=006  m\\\\\\\\d\|\\\\\\
=007  cr\|||||||||||
=008  150129c20159999enkqr\p\o\\\\\0\\\a0eng\\
=FMT  \\$a  SE
=015  \\$aGBB543482$2bnb
=022  0\$a2058-0215$y1745-0713$202
=037  \\$aCFZA$bBusiness Monitor International
=040  \\$aUk$beng$cUk$erda
=042  \\$aukblsr$aissnuk
=082  04$a330.96800112$223
=222  \0$aSouth Africa country risk report
=245  00$aSouth Africa country risk report :$bincludes 10-year forecasts to ... /$cBusiness Monitor International.
=264  \1$aLondon :$bBusiness Monitor International Limited,$c2015-
=300  \\$billustrations (black and white)
=310  \\$aQuarterly
=336  \\$atext$2rdacontent
=337  \\$acomputer$2rdamedia
=338  \\$aonline resource$2rdacarrier
=362  0\$a2015/Q2-
=500  \\$aTitle from PDF cover.
=540  \\$aCurrent Copyright Fee: GBP100.00$c0$5Uk
=650  \0$aEconomic forecasting$zSouth Africa$vPeriodicals.
=651  \0$aSouth Africa$xEconomic policy$vPeriodicals.
=651  \0$aSouth Africa$xEconomic conditions$vPeriodicals.
=651  \0$aSouth Africa$xPolitics and government$vPeriodicals.
=710  2\$aBusiness Monitor International,$eissuing body.
=780  00$tSouth Africa business forecast report$x2058-2714
=856  4\$uhttp://www.bmiresearch.com/$zTo subscribe
=859  \\$aELD$bejournal
=CAT  \\$a10973$b40$c20150129$lBLL01$h1624
=CAT  \\$a11316$b40$c20150408$lBLL01$h1423
=CAT  \\$aBATCH-CLA$b00$c20150529$lBLL01$h1529
=CAT  \\$aIPL-CLA$c20150630$lBLL01$h1724
=CAT  \\$aWR15_120$c20150910$lBLL01$h1829
=CAT  \\$a8411$b40$c20160224$lBLL01$h1359
=CAT  \\$aW1711-1005$c20171206$lBLL01$h1828
=CFI  0\$aCurrent Copyright Fee: GBP100.00$c0$e01-jul-2015$fGBP100.00$g0$hC$5Uk
=FIN  \\$aY$d20150408
=LET  \0$aSouth Africa country risk report (Electronic)
=LKR  \\$aPAR$b016626444$lBLL01$nSouth Africa business forecast report (Online)$mSouth Africa country risk report$r78000
=MNI  \\$a2058-0215
=LAS  \\$aW1711-1005$b00$c20171206$lBLL01$h1828

