=LDR  02590 as a2200637 i 4500
=001  017031537
=003  Uk
=005  20160224140407.0
=006  m\\\\\\\\d\|\\\\\\
=007  cr\|||||||||||
=008  150129c20159999enkqr\p\o\\\\\0\\\a0eng\\
=FMT  \\$a  SE
=015  \\$aGBB543416$2bnb
=022  0\$a2058-0258$y1757-076X$202
=037  \\$aTBA$bBusiness Monitor International
=040  \\$aUk$beng$cUk$erda
=042  \\$aukblsr$aissnuk
=082  04$a330.962400112$223
=222  \0$aSudan & South Sudan country risk report
=245  00$aSudan & South Sudan country risk report :$bincludes 10-year forecasts to ... /$cBusiness Monitor International.
=246  3\$aSudan and South Sudan country risk report
=264  \1$aLondon :$bBusiness Monitor International,$c2015-
=300  \\$billustrations (black and white), maps (black and white)
=310  \\$aQuarterly
=336  \\$atext$2rdacontent
=337  \\$acomputer$2rdamedia
=338  \\$aonline resource$2rdacarrier
=362  0\$a2015/Q2-
=500  \\$aTitle from PDF cover.
=540  \\$aCurrent Copyright Fee: GBP100.00$c0$5Uk
=650  \0$aEconomic forecasting$zSudan$vPeriodicals.
=650  \0$aEconomic forecasting$zSouth Sudan$vPeriodicals.
=651  \0$aSudan$xEconomic policy$vPeriodicals.
=651  \0$aSudan$xEconomic conditions$vPeriodicals.
=651  \0$aSudan$xPolitics and government$vPeriodicals.
=651  \0$aSouth Sudan$xEconomic policy$vPeriodicals.
=651  \0$aSouth Sudan$xEconomic conditions$vPeriodicals.
=651  \0$aSouth Sudan$xPolitics and government$vPeriodicals.
=710  2\$aBusiness Monitor International,$eissuing body.
=780  00$tSudan and South Sudan business forecast report$x2058-2765
=856  4\$uhttp://www.bmiresearch.com/$zTo subscribe
=859  \\$aELD$bejournal
=CAT  \\$a10973$b40$c20150129$lBLL01$h1631
=CAT  \\$a11316$b40$c20150408$lBLL01$h1028
=CAT  \\$a11316$b40$c20150408$lBLL01$h1030
=CAT  \\$aBATCH-CLA$b00$c20150828$lBLL01$h1543
=CAT  \\$aWR15_120$c20150910$lBLL01$h1829
=CAT  \\$aIPL-CLA$c20150930$lBLL01$h1854
=CAT  \\$a8411$b40$c20160224$lBLL01$h1404
=CAT  \\$aW1711-1005$c20171206$lBLL01$h1828
=CFI  0\$aCurrent Copyright Fee: GBP100.00$c0$e01-oct-2015$fGBP100.00$g0$hC$5Uk
=FIN  \\$aY$d20150408
=LET  \0$aSudan and South Sudan country risk report (Electronic)
=LKR  \\$aPAR$b017030888$lBLL01$nSudan and South Sudan business forecast report (Online)$mSudan & South Sudan country risk report$r78000
=MNI  \\$a2058-0258
=LAS  \\$aW1711-1005$b00$c20171206$lBLL01$h1828

