=LDR  01847 as a2200517 i 4500
=001  017031542
=003  Uk
=005  20160224140957.0
=006  m\\\\\\\\d\|\\\\\\
=007  cr||||||||||||
=008  150129c20159999enkqr\p\o\\\\\0\\\a0eng\\
=FMT  \\$a  SE
=015  \\$aGBB550389$2bnb
=022  0\$a2058-0290$202
=037  \\$aCFTZ$bBusiness Monitor International
=040  \\$aUk$beng$cUk$erda
=042  \\$aukblsr$aissnuk
=082  04$a330.967800112$223
=222  \0$aTanzania country risk report
=245  00$aTanzania country risk report :$bincludes 10-year forecasts to ... /$cBMI Research.
=264  \1$aLondon :$bBMI Research,$c2015-
=300  \\$billustrations (black and white)
=310  \\$aQuarterly
=336  \\$atext$2rdacontent
=337  \\$acomputer$2rdamedia
=338  \\$aonline resource$2rdacarrier
=362  0\$a2015/Q2-
=500  \\$aTitle from PDF cover.
=650  \0$aEconomic forecasting$zTanzania$vPeriodicals.
=651  \0$aTanzania$xEconomic policy$vPeriodicals.
=651  \0$aTanzania$xEconomic conditions$vPeriodicals.
=651  \0$aTanzania$xPolitics and government$vPeriodicals.
=710  2\$aBMI Research (Firm),$eissuing body.
=780  00$tTanzania business forecast report$x2058-4164
=856  4\$uhttp://www.bmiresearch.com/$zTo subscribe
=859  \\$aELD$bejournal
=CAT  \\$a10973$b40$c20150129$lBLL01$h1638
=CAT  \\$a10973$b40$c20150421$lBLL01$h1203
=CAT  \\$aWR15_120$c20150910$lBLL01$h1829
=CAT  \\$a8411$b40$c20160224$lBLL01$h1409
=CAT  \\$aW1711-1005$c20171206$lBLL01$h1828
=FIN  \\$aY$d20150421
=LET  \0$aTanzania country risk report (Electronic)
=LKR  \\$aPAR$b016626825$lBLL01$nTanzania business forecast report (Online)$mTanzania country risk report$r78000
=MNI  \\$a2058-0290
=LAS  \\$aW1711-1005$b00$c20171206$lBLL01$h1828

