=LDR  01827 as a2200517 i 4500
=001  017031547
=003  Uk
=005  20160224141341.0
=006  m\\\\\\\\d\|\\\\\\
=007  cr||||||||||||
=008  150129c20159999enkqr\p\o\\\\\0\\\a0eng\\
=FMT  \\$a  SE
=015  \\$aGBB550433$2bnb
=022  0\$a2058-0339$202
=037  \\$aCFTR$bBusiness Monitor International
=040  \\$aUk$beng$cUk$erda
=042  \\$aukblsr$aissnuk
=082  04$a330.956100112$223
=222  \0$aTurkey country risk report
=245  00$aTurkey country risk report :$bincludes 10-year forecasts to ... /$cBMI Research.
=264  \1$aLondon :$bBMI Research,$c2015-
=300  \\$billustrations (black and white)
=310  \\$aQuarterly
=336  \\$atext$2rdacontent
=337  \\$acomputer$2rdamedia
=338  \\$aonline resource$2rdacarrier
=362  0\$a2015/Q2-
=500  \\$aTitle from PDF cover.
=650  \0$aEconomic forecasting$zTurkey$vPeriodicals.
=651  \0$aTurkey$xEconomic policy$vPeriodicals.
=651  \0$aTurkey$xEconomic conditions$vPeriodicals.
=651  \0$aTurkey$xPolitics and government$vPeriodicals.
=710  2\$aBMI Research (Firm),$eissuing body.
=780  00$tTurkey business forecast report$x2058-4202
=856  4\$uhttp://www.bmiresearch.com/$zTo subscribe
=859  \\$aELD$bejournal
=CAT  \\$a10973$b40$c20150129$lBLL01$h1644
=CAT  \\$a10973$b40$c20150421$lBLL01$h1456
=CAT  \\$aWR15_120$c20150910$lBLL01$h1829
=CAT  \\$a8411$b40$c20160224$lBLL01$h1413
=CAT  \\$aW1711-1005$c20171206$lBLL01$h1828
=FIN  \\$aY$d20150421
=LET  \0$aTurkey country risk report (Electronic)
=LKR  \\$aPAR$b016625636$lBLL01$nTurkey business forecast report (Online)$mTurkey country risk report$r78000
=MNI  \\$a2058-0339
=LAS  \\$aW1711-1005$b00$c20171206$lBLL01$h1828

