=LDR  02192 as a2200577 i 4500
=001  017031548
=003  Uk
=005  20160224141435.0
=006  m\\\\\\\\d\|\\\\\\
=007  cr||||||||||||
=008  150129c20159999enkqr\p\o\s\\\0\\\a0eng\\
=FMT  \\$a  SE
=015  \\$aGBB543428$2bnb
=022  0\$a2058-0347$y1757-0433$202
=037  \\$aCFUG$bBusiness Monitor International
=040  \\$aUk$beng$cUk$erda
=042  \\$aukblsr$aissnuk
=082  04$a330.9676100112$223
=222  \0$aUganda country risk report
=245  00$aUganda country risk report :$bincludes 10-year forecasts to ... /$cBusiness Monitor International.
=264  \1$aLondon, UK :$bBusiness Monitor International,$c2015-
=300  \\$billustrations (black and white)
=310  \\$aQuarterly
=336  \\$atext$2rdacontent
=337  \\$acomputer$2rdamedia
=338  \\$aonline resource$2rdacarrier
=500  \\$aTitle from PDF cover.
=588  \\$aDescription based on: 2015/Q2.
=540  \\$aCurrent Copyright Fee: GBP100.00$c0$5Uk
=650  \0$aEconomic forecasting$zUganda$vPeriodicals.
=651  \0$aUganda$xEconomic policy$vPeriodicals.
=651  \0$aUganda$xEconomic conditions$vPeriodicals.
=651  \0$aUganda$xPolitics and government$vPeriodicals.
=710  2\$aBusiness Monitor International,$eissuing body.
=780  00$tUganda business forecast report$x2058-4210
=856  4\$uhttp://www.bmiresearch.com/$zTo subscribe
=859  \\$aELD$bejournal
=CAT  \\$a10973$b40$c20150129$lBLL01$h1645
=CAT  \\$a8323$b40$c20150408$lBLL01$h1119
=CAT  \\$a8323$b40$c20150408$lBLL01$h1126
=CAT  \\$aBATCH-CLA$b00$c20150828$lBLL01$h1543
=CAT  \\$aWR15_120$c20150910$lBLL01$h1829
=CAT  \\$aIPL-CLA$c20150930$lBLL01$h1854
=CAT  \\$a8411$b40$c20160224$lBLL01$h1414
=CAT  \\$aW1711-1005$c20171206$lBLL01$h1828
=CFI  0\$aCurrent Copyright Fee: GBP100.00$c0$e01-oct-2015$fGBP100.00$g0$hC$5Uk
=FIN  \\$aY$d20150408
=LET  \0$aUganda country risk report (Electronic)
=LKR  \\$aPAR$b016626817$lBLL01$nUganda business forecast report$mUganda country risk report$r78000
=MNI  \\$a2058-0347
=LAS  \\$aW1711-1005$b00$c20171206$lBLL01$h1828

