=LDR  02022 as a2200529 i 4500
=001  017031550
=003  Uk
=005  20160224141643.0
=006  m\\\\\\\\d\|\\\\\\
=007  cr||||||||||||
=008  150129c20159999enkqr\p\o\\\\\0\\\a0eng\\
=FMT  \\$a  SE
=015  \\$aGBB543437$2bnb
=022  0\$a2058-0363$202
=037  \\$aCFAE$bBusiness Monitor International
=040  \\$aUk$beng$cUk$erda
=042  \\$aukblsr$aissnuk
=082  04$a330.9535700112$223
=222  \0$aUnited Arab Emirates country risk report
=245  00$aUnited Arab Emirates country risk report :$bincludes 10-year forecasts to ... /$cBMI Research.
=264  \1$aLondon, UK :$bBMI Research,$c2015-
=300  \\$billustrations (black and white), maps (black and white)
=310  \\$aQuarterly
=336  \\$atext$2rdacontent
=337  \\$acomputer$2rdamedia
=338  \\$aonline resource$2rdacarrier
=500  \\$aTitle from PDF cover.
=588  \\$aDescription based on: 2015/Q2.
=650  \0$aEconomic forecasting$zUnited Arab Emirates$vPeriodicals.
=651  \0$aUnited Arab Emirates$xEconomic policy$vPeriodicals.
=651  \0$aUnited Arab Emirates$xEconomic conditions$vPeriodicals.
=651  \0$aUnited Arab Emirates$xPolitics and government$vPeriodicals.
=710  2\$aBMI Research (Firm),$eissuing body.
=780  00$tUAE business forecast report$x2058-4237
=856  4\$uhttp://www.bmiresearch.com/$zTo subscribe
=859  \\$aELD$bejournal
=CAT  \\$a10973$b40$c20150129$lBLL01$h1649
=CAT  \\$a8323$b40$c20150408$lBLL01$h1145
=CAT  \\$a8323$b40$c20150408$lBLL01$h1146
=CAT  \\$aWR15_120$c20150910$lBLL01$h1829
=CAT  \\$a8411$b40$c20160224$lBLL01$h1416
=CAT  \\$aW1711-1005$c20171206$lBLL01$h1828
=FIN  \\$aY$d20150408
=LET  \0$aUnited Arab Emirates country risk report (Electronic)
=LKR  \\$aPAR$b016625875$lBLL01$nUAE business forecast report$mUnited Arab Emirates country risk report$r78000
=MNI  \\$a2058-0363
=LAS  \\$aW1711-1005$b00$c20171206$lBLL01$h1828

