=LDR  02214 as a2200565 i 4500
=001  017031551
=003  Uk
=005  20160224141744.0
=006  m\\\\\\\\d\|\\\\\\
=007  cr||||||||||||
=008  150129c20159999enkqr\p\o\s\\\0\\\a0eng\\
=FMT  \\$a  SE
=015  \\$aGBB543445$2bnb
=022  0\$a2058-0371$y2040-638X$202
=037  \\$aCFGB$bBusiness Monitor International
=040  \\$aUk$beng$cUk$erda
=042  \\$aukblsr$aissnuk
=082  04$a330.94100112$223
=222  \0$aUnited Kingdom country risk report
=245  00$aUnited Kingdom country risk report :$bincludes 10-year forecasts to ... /$cBusiness Monitor International.
=264  \1$aLondon :$bBusiness Monitor International,$c2015-
=300  \\$billustrations (black and white)
=310  \\$aQuarterly
=336  \\$atext$2rdacontent
=337  \\$acomputer$2rdamedia
=338  \\$aonline resource$2rdacarrier
=500  \\$aTitle from PDF cover.
=588  \\$aDescription based on: 2015/Q2.
=540  \\$aCurrent Copyright Fee: GBP100.00$c0$5Uk
=650  \0$aEconomic forecasting$zGreat Britain$vPeriodicals.
=651  \0$aGreat Britain$xEconomic policy$vPeriodicals.
=651  \0$aGreat Britain$xEconomic conditions$vPeriodicals.
=651  \0$aGreat Britain$xPolitics and government$vPeriodicals.
=710  2\$aBusiness Monitor International,$eissuing body.
=780  00$tUnited Kingdom business forecast report$x2057-7672
=856  4\$uhttp://www.bmiresearch.com/$zTo subscribe
=859  \\$aELD$bejournal
=CAT  \\$a10973$b40$c20150129$lBLL01$h1650
=CAT  \\$a8323$b40$c20150408$lBLL01$h1200
=CAT  \\$aBATCH-CLA$b00$c20150828$lBLL01$h1543
=CAT  \\$aWR15_120$c20150910$lBLL01$h1829
=CAT  \\$aIPL-CLA$c20150930$lBLL01$h1854
=CAT  \\$a8411$b40$c20160224$lBLL01$h1417
=CAT  \\$aW1711-1005$c20171206$lBLL01$h1828
=CFI  0\$aCurrent Copyright Fee: GBP100.00$c0$e01-oct-2015$fGBP100.00$g0$hC$5Uk
=FIN  \\$aY$d20150408
=LET  \0$aUnited Kingdom country risk report (Electronic)
=LKR  \\$aPAR$b016626939$lBLL01$nUnited Kingdom business forecast report$mUnited Kingdom country risk report$r78000
=MNI  \\$a2058-0371
=LAS  \\$aW1711-1005$b00$c20171206$lBLL01$h1828

