=LDR  02308 as a2200589 i 4500
=001  017031553
=003  Uk
=005  20160224141839.0
=006  m\\\\\\\\d\|\\\\\\
=007  cr||||||||||||
=008  150129c20159999enkqr\p\o\s\\\0\\\a0eng\\
=FMT  \\$a  SE
=015  \\$aGBB543464$2bnb
=022  0\$a2058-038X$y2040-6363$202
=037  \\$aCFUS$bBusiness Monitor International
=040  \\$aUk$beng$cUk$erda
=042  \\$aukblsr$aissnuk
=082  04$a330.97300112$223
=222  \0$aUnited States country risk report
=245  00$aUnited States country risk report :$bincludes 10-year forecasts to ... /$cBusiness Monitor International.
=264  \1$aLondon, UK :$bBusiness Monitor International,$c2015-
=300  \\$billustrations (black and white)
=310  \\$aQuarterly
=336  \\$atext$2rdacontent
=337  \\$acomputer$2rdamedia
=338  \\$aonline resource$2rdacarrier
=500  \\$aTitle from PDF cover.
=588  \\$aDescription based on: 2015/Q2.
=540  \\$aCurrent Copyright Fee: GBP100.00$c0$5Uk
=650  \0$aEconomic forecasting$zUnited States$vPeriodicals.
=651  \0$aUnited States$xEconomic policy$vPeriodicals.
=651  \0$aUnited States$xEconomic conditions$vPeriodicals.
=651  \0$aUnited States$xPolitics and government$vPeriodicals.
=710  2\$aBusiness Monitor International,$eissuing body.
=780  00$tUnited States business forecast report$x2057-7680
=856  4\$uhttp://www.bmiresearch.com/$zTo subscribe
=859  \\$aELD$bejournal
=CAT  \\$a10973$b40$c20150129$lBLL01$h1652
=CAT  \\$a8323$b40$c20150408$lBLL01$h1335
=CAT  \\$a8323$b40$c20150408$lBLL01$h1342
=CAT  \\$a8323$b40$c20150408$lBLL01$h1345
=CAT  \\$aBATCH-CLA$b00$c20150828$lBLL01$h1543
=CAT  \\$aWR15_120$c20150910$lBLL01$h1829
=CAT  \\$aIPL-CLA$c20150930$lBLL01$h1854
=CAT  \\$a8411$b40$c20160224$lBLL01$h1418
=CAT  \\$aW1711-1005$c20171206$lBLL01$h1828
=CFI  0\$aCurrent Copyright Fee: GBP100.00$c0$e01-oct-2015$fGBP100.00$g0$hC$5Uk
=FIN  \\$aY$d20150408
=LET  \0$aUnited States country risk report (Electronic)
=LKR  \\$aPAR$b016626935$lBLL01$nUnited States business forecast report$mUnited States country risk report$r78000
=MNI  \\$a2058-038X
=LAS  \\$aW1711-1005$b00$c20171206$lBLL01$h1828

