=LDR  02153 as a2200565 i 4500
=001  017031555
=003  Uk
=005  20160224142015.0
=006  m\\\\\\\\d\|\\\\\\
=007  cr||||||||||||
=008  150129c20159999enkqr\p\o\s\\\0\\\a0eng\\
=FMT  \\$a  SE
=015  \\$aGBB543467$2bnb
=022  0\$a2058-0401$y1745-0764$202
=037  \\$aCFVN$bBusiness Monitor International
=040  \\$aUk$beng$cUk$erda
=042  \\$aukblsr$aissnuk
=082  04$a330.959700112$223
=222  \0$aVietnam country risk report
=245  00$aVietnam country risk report :$bincludes 10-year forecasts to ... /$cBusiness Monitor International.
=264  \1$aLondon, UK :$bBusiness Monitor International,$c2015-
=300  \\$billustrations (black and white)
=310  \\$aQuarterly
=336  \\$atext$2rdacontent
=337  \\$acomputer$2rdamedia
=338  \\$aonline resource$2rdacarrier
=500  \\$aTitle from PDF cover.
=588  \\$aDescription based on: 2015/Q2.
=540  \\$aCurrent Copyright Fee: GBP100.00$c0$5Uk
=650  \0$aEconomic forecasting$zVietnam$vPeriodicals.
=651  \0$aVietnam$xEconomic policy$vPeriodicals.
=651  \0$aVietnam$xEconomic conditions$vPeriodicals.
=651  \0$aVietnam$xPolitics and government$vPeriodicals.
=710  2\$aBusiness Monitor International,$eissuing body.
=780  00$tVietnam business forecast report$x2057-7702
=856  4\$uhttp://www.bmiresearch.com/$zTo subscribe
=859  \\$aELD$bejournal
=CAT  \\$a10973$b40$c20150129$lBLL01$h1654
=CAT  \\$a8323$b40$c20150408$lBLL01$h1349
=CAT  \\$aBATCH-CLA$b00$c20150529$lBLL01$h1529
=CAT  \\$aIPL-CLA$c20150630$lBLL01$h1724
=CAT  \\$aWR15_120$c20150910$lBLL01$h1829
=CAT  \\$a8411$b40$c20160224$lBLL01$h1420
=CAT  \\$aW1711-1005$c20171206$lBLL01$h1828
=CFI  0\$aCurrent Copyright Fee: GBP100.00$c0$e01-jul-2015$fGBP100.00$g0$hC$5Uk
=FIN  \\$aY$d20150408
=LET  \0$aVietnam country risk report (Electronic)
=LKR  \\$aPAR$b016626524$lBLL01$nVietnam business forecast report$mVietnam country risk report$r78000
=MNI  \\$a2058-0401
=LAS  \\$aW1711-1005$b00$c20171206$lBLL01$h1828

