=LDR  02161 as a2200565 i 4500
=001  017031558
=003  Uk
=005  20160224142201.0
=006  m\\\\\\\\d\|\\\\\\
=007  cr||||||||||||
=008  150129c20159999enkqr\p\o\s\\\0\\\a0eng\\
=FMT  \\$a  SE
=015  \\$aGBB543473$2bnb
=022  0\$a2058-0428$y1746-5818$202
=037  \\$aCFZW$bBusiness Monitor International
=040  \\$aUk$beng$cUk$erda
=042  \\$aukblsr$aissnuk
=082  04$a330.9689100112$223
=222  \0$aZimbabwe country risk report
=245  00$aZimbabwe country risk report :$bincludes 10-year forecasts to ... /$cBusiness Monitor International.
=264  \1$aLondon, UK :$bBusiness Monitor International Limited,$c2015-
=300  \\$billustrations (black and white)
=310  \\$aQuarterly
=336  \\$atext$2rdacontent
=337  \\$acomputer$2rdamedia
=338  \\$aonline resource$2rdacarrier
=500  \\$aTitle from PDF cover.
=588  \\$aDescription based on: 2015/Q2.
=540  \\$aCurrent Copyright Fee: GBP100.00$c0$5Uk
=650  \0$aEconomic forecasting$zZimbabwe$vPeriodicals.
=651  \0$aZimbabwe$xEconomic policy$vPeriodicals.
=651  \0$aZimbabwe$xEconomic conditions$vPeriodicals.
=651  \0$aZimbabwe$xPolitics and government$vPeriodicals.
=710  2\$aBusiness Monitor International,$eissuing body.
=780  00$tZimbabwe business forecast report
=856  4\$uhttp://www.bmiresearch.com/$zTo subscribe
=859  \\$aELD$bejournal
=CAT  \\$a10973$b40$c20150129$lBLL01$h1657
=CAT  \\$a8323$b40$c20150408$lBLL01$h1400
=CAT  \\$aBATCH-CLA$b00$c20150828$lBLL01$h1543
=CAT  \\$aWR15_120$c20150910$lBLL01$h1829
=CAT  \\$aIPL-CLA$c20150930$lBLL01$h1854
=CAT  \\$a8411$b40$c20160224$lBLL01$h1422
=CAT  \\$aW1711-1005$c20171206$lBLL01$h1828
=CFI  0\$aCurrent Copyright Fee: GBP100.00$c0$e01-oct-2015$fGBP100.00$g0$hC$5Uk
=FIN  \\$aY$d20150408
=LET  \0$aZimbabwe country risk report (Electronic)
=LKR  \\$aPAR$b016626648$lBLL01$nZimbabwe business forecast report$mZimbabwe country risk report$r78000
=MNI  \\$a2058-0428
=LAS  \\$aW1711-1005$b00$c20171206$lBLL01$h1828

