=LDR  02017 as a2200541 i 4500
=001  017031559
=003  Uk
=005  20160224113505.0
=006  m\\\\\\\\d\|\\\\\\
=007  cr||||||||||||
=008  150129c20159999enkar\p\o\\\\\0\\\a0eng\\
=FMT  \\$a  SE
=015  \\$aGBB5A7399$2bnb
=022  0\$a2058-0436$202
=037  \\$aCFET$bBusiness Monitor International
=040  \\$aUk$beng$cUk$erda
=042  \\$aukblsr$aissnuk
=082  04$a330.96300112$223
=222  \0$aEthiopia country risk report
=245  00$aEthiopia country risk report :$bincludes 10-year forecasts to ...
=264  \1$aLondon :$bBMI Research,$c2015-
=300  \\$billustrations (black and white), maps (black and white)
=310  \\$aAnnual
=336  \\$atext$2rdacontent
=337  \\$acomputer$2rdamedia
=338  \\$aonline resource$2rdacarrier
=362  0\$a2015-
=500  \\$aTitle from PDF cover.
=650  \0$aEconomic forecasting$zEthiopia$vPeriodicals.
=650  \0$aEconomic surveys$zEthiopia$vPeriodicals.
=651  \0$aEthiopia$xEconomic policy$vPeriodicals.
=651  \0$aEthiopia$xEconomic conditions$vPeriodicals.
=710  2\$aBMI Research (Firm),$eissuing body.
=780  00$tEthiopia business forecast report$x2058-1238
=856  4\$uwww.bmiresearch.com$zTo subscribe
=859  \\$aELD$bejournal
=985  \\$aFrequency due to change from annual to quarterly from December 2015 (email received from publisher to ISSN UK Centre, 21/10/15).
=CAT  \\$a10973$b40$c20150129$lBLL01$h1658
=CAT  \\$a11316$b40$c20150807$lBLL01$h0834
=CAT  \\$aWR15_120$c20150910$lBLL01$h1829
=CAT  \\$a10806$b40$c20151021$lBLL01$h1053
=CAT  \\$a8411$b40$c20160224$lBLL01$h1135
=CAT  \\$aW1711-1005$c20171206$lBLL01$h1828
=FIN  \\$aY$d20150807
=LET  \0$aEthiopia country risk report (Electronic)
=LKR  \\$aPAR$b016626767$lBLL01$nEthiopia business forecast report$mEthiopia country risk report$r78000
=MNI  \\$a2058-0436
=LAS  \\$aW1711-1005$b00$c20171206$lBLL01$h1828

