=LDR  02599 as a2200613 i 4500
=001  017103707
=003  Uk
=005  20150427104826.0
=006  m\\\\\|\\d\|\\\\\\
=007  cr\|||||||||||
=008  150309d20092012enkar\\\os\\\o0\\\a0eng\\
=FMT  \\$a  SE
=015  \\$aGBB533062$2bnb
=040  \\$aUk$beng$cUk$dUk$erda
=042  \\$aukblsr
=082  04$a790.094205$223
=245  00$aTaking part.$pAdult and child report :$bthe national survey of culture, leisure and sport.
=246  1\$iWeb link title:$aTaking part.$pAnnual adult and child release
=246  1\$i2010/11 issue entitled:$aThis cultural and sporting life: the taking part ... adult and child report
=264  \1$aLondon :$bDepartment for Culture, Media and Sport,$c2010-2012.
=300  \\$billustrations (colour).
=310  \\$aAnnual
=336  \\$atext$2rdacontent
=337  \\$acomputer$2rdamedia
=338  \\$aonline resource$2rdacarrier
=362  0\$a2009/10-2011/12.
=490  1\$aStatistical release
=500  \\$aAccompanied on Web site by associated PDFs and Excel spreadsheets.
=500  \\$aSubtitle dropped with 2010/11 issue.
=500  \\$aTitle from PDF caption (GOV.UK Web site, viewed March 9, 2015).
=588  \\$aLatest issue consulted: 2011/12 (viewed March 9, 2015).
=650  \0$aLeisure$zEngland$vStatistics$vPeriodicals.
=650  \0$aSports$zEngland$vStatistics$vPeriodicals.
=650  \0$aRecreational surveys$zEngland$vStatistics$vPeriodicals.
=650  \0$aChildren$xRecreation$zEngland$vStatistics$vPeriodicals.
=710  1\$aGreat Britain.$bDepartment for Culture, Media and Sport,$eissuing body.
=710  2\$aUK Statistics Authority.
=785  01$tTaking part. Annual child report
=830  \0$aStatistical release (Great Britain. Department for Culture, Media and Sport)
=856  4\$uhttps://www.gov.uk/government/collections/sat--2$zFollow links to resource
=856  4\$uhttp://old.culture.gov.uk/what_we_do/research_and_statistics/7184.aspx$zFollow links to resource
=859  \\$aELD$bejournal
=CAT  \\$a3072$b40$c20150309$lBLL01$h1609
=CAT  \\$a3072$b40$c20150309$lBLL01$h1610
=CAT  \\$a3072$b40$c20150309$lBLL01$h1711
=CAT  \\$a3072$b40$c20150310$lBLL01$h1505
=CAT  \\$a3072$b40$c20150310$lBLL01$h1508
=CAT  \\$a3072$b40$c20150427$lBLL01$h1048
=CAT  \\$aBATCH-UPD$b40$c20160104$lBLL01$h1618
=CAT  \\$a5194$b40$c20161013$lBLL01$h1134
=CAT  \\$aBATCH-UPD$b40$c20161013$lBLL01$h1136
=CAT  \\$aW1711-1005$c20171206$lBLL01$h1828
=FIN  \\$aY$d20150310
=LAS  \\$aW1711-1005$b00$c20171206$lBLL01$h1828

