=LDR  02134aas a2200493 i 4500
=001  017573251
=003  Uk
=005  20201106125524.0
=006  m\\\\\\\\d\|\\\\\\
=007  cr||||||||||||
=008  151008c19949999enkar\p\o\\\\\0\\\a0eng\\
=FMT  \\$a  SE
=015  \\$aGBC0H5139$2bnb
=022  0\$a2396-8710$202
=040  \\$aUk$beng$cUk$dUk$erda
=042  \\$aissnuk$aukblsr
=082  04$a370.1509411$223
=222  \0$aEducational psychology in Scotland$b(Online)
=245  00$aEducational psychology in Scotland.
=264  \1$aLeicester :$bBritish Psychological Society,$c[1994]-
=310  \\$aAnnual
=336  \\$atext$2rdacontent
=337  \\$acomputer$2rdamedia
=338  \\$aonline resource$2rdacarrier
=362  1\$aPrint began with Issue 1 (Feb.1994).
=550  \\$aAt head of title: British Psychological Society, Scottish Division of Educational Psychology.
=588  \\$aDescription based on: volume 20 Number 1 Autumn 2020.
=650  \0$aEducational psychology$vPeriodicals.
=710  2\$aBritish Psychological Society.
=710  2\$aBritish Psychological Society.$bScottish Division of Educational Psychology.
=776  08$iAlso issued in print as:$tEducational psychology in Scotland$x1354-0599
=856  4\$uhttp://shop.bps.org.uk/$zTo subscribe
=859  \\$aELD$bejournal
=985  \\$aElectronic vice print (i.e. substitute for print that has been temporarily suspended); catalogued via VPN October 2020; SV still in print title - unsure whether it will resume in print.
=985  \\$aISSN description based on: volume 16 number 1 (Spring 2015); title from pdf supplied by publisher (viewed October 08, 2015)
=CAT  \\$a10973$b40$c20151008$lBLL01$h1226
=CAT  \\$a10973$b40$c20151008$lBLL01$h1345
=CAT  \\$a8871$b40$c20160113$lBLL01$h0943
=CAT  \\$a3072$b40$c20201106$lBLL01$h1255
=FIN  \\$aY$d20151008
=LET  \0$aEducational psychology in Scotland (Electronic)
=LKR  \\$aPAR$b007233431$lBLL01$nEducational psychology in Scotland (Print)$mEducational psychology in Scotland (Online)$r776
=MNI  \\$a2396-8710
=LAS  \\$a3072$b40$c20201106$lBLL01$h1255

