=LDR  02247 as a2200589 a 4500
=001  015334342
=003  Uk
=005  20140114084057.0
=006  m\\\\\\\\d\|\\\\\\
=007  cr||||||||||||
=008  090723c20089999xo\qr\p\o\\\\\0\\\a0eng\\
=015  \\$aGBA973273$2bnb
=040  \\$aUk$beng$cUk$dUk
=042  \\$aukblsr
=082  04$a333.3387$222
=245  00$aBratislava offices$h[electronic resource].
=246  1\$iWeb site list title:$aBratislava office marketview
=260  \\$aBratislava ;$a[Great Britain] :$bCB Richard Ellis
=310  \\$aQuarterly
=336  \\$atext$2rdacontent
=337  \\$acomputer$2rdamedia
=338  \\$aonline resource$2rdacarrier
=490  0\$aMarketView
=500  \\$aDescription based on: 2008, q4; title from PDF caption (publisher's Web site, viewed on July 23, 2009).
=500  \\$aLatest issue consulted: 2009, q1.
=538  \\$aMode of access: World Wide Web.
=538  \\$aSystem requirements: Adobe Acrobat Reader.
=650  \0$aReal estate office buildings$xEconomic aspects$zSlovakia$zBratislava$vPeriodicals.
=650  \0$aReal estate investment$zSlovakia$zBratislava$vPeriodicals.
=650  \0$aMarket surveys$zSlovakia$vBratislava$vPeriodicals.
=690  7\$aManagement and Business Studies$2blcoll
=710  2\$aCB Richard Ellis.
=780  00$tBratislava property
=856  40$uhttp://www.cbre.co.uk/portal/page/portal/uk_en/research$zTo view current report; follow links to resource
=859  \\$aELD$bejournal
=985  \\$aOut of scope, 14 Jan. 2014.
=985  \\$aC/T info from publisher
=CAT  \\$a3072$b40$c20090723$lBLL01$h1559
=CAT  \\$a6790$b40$c20130613$lBLL01$h1503
=CAT  \\$aWR13.114$c20130717$lBLL01$h1314
=CAT  \\$aBATCH-MBS$c20130726$lBLL01$h2126
=CAT  \\$a8201$b40$c20140114$lBLL01$h0840
=CAT  \\$aWR14_072$c20140608$lBLL01$h1426
=CAT  \\$aWR14_140$c20140905$lBLL01$h1823
=CAT  \\$aWR15_120$c20150910$lBLL01$h1825
=CAT  \\$aW1711-1005$c20171206$lBLL01$h1822
=FIN  \\$aY$d20090723
=FMT  \\$a  SE
=LAS  \\$aW1711-1005$b00$c20171206$lBLL01$h1822
=LET  \0$aBratislava offices (email)
=LKR  \\$aPAR$b014099094$lBLL01$r78010$mBratislava offices$nBratislava property
=TCO  \\$aXXX$c008

