=LDR  02178 as a2200565 a 4500
=001  015441799
=003  Uk
=005  20131113154915.0
=006  m\\\\\\\\d\|\\\\\\
=007  cr||||||||||||
=008  091208c20029999enkar\p\s\\\\\0\\\a0eng\\
=015  \\$aGBA9C2254$2bnb
=040  \\$aUk$beng$cUk$dUk
=042  \\$aukblsr
=082  04$a362.20681$222
=245  00$aNational survey of investment in mental health services$h[electronic resource].
=246  1\$iMinor title change:$aNational survey of investment in adult mental health services,$f2008/09-
=260  \\$aLondon :$bDept. of Health,$c2002-
=310  \\$aAnnual
=336  \\$atext$2rdacontent
=337  \\$acomputer$2rdamedia
=338  \\$aonline resource$2rdacarrier
=362  0\$a2002-
=500  \\$aTitle from PDF t.p. (viewed on 4 Dec. 2009).
=500  \\$aDescription based on: Nov. 2007/08 issue.
=500  \\$aLatest issue consulted: 2008/09.
=538  \\$aMode of access: World Wide Web.
=538  \\$aSystem requirements: Adobe Acrobat Reader.
=650  \0$aMental health services$xFinance$zGreat Britain$vPeriodicals.
=690  7\$aSocial Welfare$2blcoll
=710  1\$aGreat Britain.$bDepartment of Health.
=710  2\$aMental Health Strategies (Firm)
=785  01$tNational survey of investment in mental health services for older people
=856  4\$uhttp://www.dh.gov.uk/en/AdvanceSearchResult/index.htm?searchTerms=national+survey+of+investment$zFollow link to resource
=859  \\$aELD$bejournal
=985  \\$aRecord amended for WR# 13/070
=CAT  \\$a7332$b40$c20091208$lBLL01$h1312
=CAT  \\$a10902$b40$c20091215$lBLL01$h1316
=CAT  \\$a8201E$b40$c20120126$lBLL01$h1445
=CAT  \\$aWR13_070$b00$c20130504$lBLL01$h0322
=CAT  \\$a9512$b40$c20131113$lBLL01$h1549
=CAT  \\$aBATCH-SWP$c20131123$lBLL01$h0044
=CAT  \\$aWR14.047$c20140417$lBLL01$h1645
=CAT  \\$aWR14_140$c20140905$lBLL01$h1823
=CAT  \\$aW1711-1005$c20171206$lBLL01$h1822
=FIN  \\$aY$d20091208
=FMT  \\$a  SE
=LAS  \\$aW1711-1005$b00$c20171206$lBLL01$h1822
=LET  \0$aNational survey of investment in mental health services(PDF)
=TCO  \\$aCLA$bCLA$c008

