=LDR  02275 as a2200601 a 4500
=001  015496693
=003  Uk
=005  20140305142052.0
=006  m\\\\\\\\d\|\\\\\\
=007  cr||||||||||||
=008  100225d19892010enktr\p\s\\\\\0\\\a0eng\\
=015  \\$aGBB032423$2bnb
=022  0\$a2043-684X$y0956-277X$202
=040  \\$aUk$beng$cUk$dUk
=042  \\$aukblsr$aissnuk
=082  04$a372.8910440941$222
=130  0\$aPrimary geographer (Online)
=222  \0$aPrimary geographer$b(Online)
=245  10$aPrimary geographer$h[electronic resource].
=260  \\$aSheffield :$bGeographical Association
=310  \\$aThree issues yearly
=336  \\$atext$2rdacontent
=337  \\$acomputer$2rdamedia
=338  \\$aonline resource$2rdacarrier
=362  1\$aPrint began with: No. 1 (spring 1989).
=362  0\$a-number 73 (autumn 2010).
=500  \\$aDescription based on: No. 55 (Oct. 2004); title from PDF t.p. (publisher's Web site, viewed Feb. 25, 2010).
=500  \\$aLatest issue consulted: number 73 (autumn 2010). (viewed March 5, 2014).
=530  \\$aAlso issued in print.
=538  \\$aMode of access: World Wide Web.
=538  \\$aSystem requirements: Adobe Acrobat Reader.
=650  \0$aGeography$xStudy and teaching (Elementary)$zGreat Britain$vPeriodicals.
=776  1\$tPrimary geographer$x0956-277X
=785  00$tPrimary geography$x2046-0090
=856  40$uhttp://www.geography.org.uk/Journals/Journals.asp?issueID=54$zd
=859  \\$aELD$bejournal
=CAT  \\$a3072$b40$c20100225$lBLL01$h1508
=CAT  \\$a3072$b40$c20100225$lBLL01$h1509
=CAT  \\$a3072$b40$c20100225$lBLL01$h1614
=CAT  \\$a3072$b40$c20100226$lBLL01$h1049
=CAT  \\$a3072$b40$c20100226$lBLL01$h1112
=CAT  \\$a3072$b40$c20100226$lBLL01$h1135
=CAT  \\$a11316$b40$c20110324$lBLL01$h0928
=CAT  \\$a8311$b40$c20130429$lBLL01$h0943
=CAT  \\$aWR13.114$c20130717$lBLL01$h1314
=CAT  \\$a3072$b40$c20140305$lBLL01$h1420
=CAT  \\$aW1711-1005$c20171206$lBLL01$h1822
=FIN  \\$aY$d20100225
=FMT  \\$a  SE
=LAS  \\$aW1711-1005$b00$c20171206$lBLL01$h1822
=LET  \0$aPrimary geographer (Online)
=LKR  \\$aPAR$b011824625$lBLL01$r776$mPrimary geographer (Online)$nPrimary geographer (Print)
=TCO  \\$aCLA$bCLA$c008

