=LDR  01792 as a2200493 a 4500
=001  015580294
=003  Uk
=005  20150202095651.0
=006  m\\\\\\\\d\|\\\\\\
=007  cr||||||||||||
=008  100520d200u201ustkar\\\o\\\\\0\\\a0eng\\
=015  \\$aGBB074223$2bnb
=040  \\$aUk$beng$cUk$dUk
=042  \\$aukblsr
=082  04$a363.509411$222
=245  00$aAffordable housing securing planning consent ...$h[electronic resource].
=260  \\$aEdinburgh :$bScottish Government
=336  \\$atext$2rdacontent
=337  \\$acomputer$2rdamedia
=338  \\$aonline resource$2rdacarrier
=490  0\$aStatistical bulletin. Housing series
=500  \\$aDescription based on: 2005-2007 issue; title from PDF caption (publisher's Web site, viewed June 17, 2010).
=500  \\$aLatest issue consulted: 2008/09.
=516  \\$aIn PDF and HTML formats.
=538  \\$aMode of access: World Wide Web.
=538  \\$aSystem requirements: Adobe Acrobat Reader.
=650  \0$aHousing$zScotland$vStatistics$vPeriodicals.
=650  \0$aHousing policy$zScotland$vPeriodicals.
=690  7\$aSocial Welfare$2blcoll
=710  1\$aScotland.$bScottish Government.
=856  4\$uhttp://www.scotland.gov.uk/Publications/Recent$zTo search
=859  \\$aELD$bejournal
=CAT  \\$a8201$b40$c20100617$lBLL01$h1356
=CAT  \\$a8201$b40$c20100617$lBLL01$h1357
=CAT  \\$a9512$b40$c20140305$lBLL01$h1442
=CAT  \\$a9512$b40$c20140306$lBLL01$h1021
=CAT  \\$aBATCH-SWP$c20140314$lBLL01$h2301
=CAT  \\$a8201$b40$c20150202$lBLL01$h0956
=CAT  \\$aW1711-1005$c20171206$lBLL01$h1822
=FIN  \\$aY$d20100617
=FMT  \\$a  SE
=LAS  \\$aW1711-1005$b00$c20171206$lBLL01$h1822
=LET  \0$aAffordable housing securing planning consent (Online)
=TCO  \\$aCLA$bCLA$c008

