=LDR  02301 as a2200529 a 4500
=001  015661415
=003  Uk
=005  20150203092956.0
=006  m\\\\\\\\d\|\\\\\\
=007  cr||||||||||||
=008  100520d200u201uenkuu\\\o\\\\\0\\\a0eng\\
=015  \\$aGBB0B7946$2bnb
=040  \\$aUk$beng$cUk$dUk
=042  \\$aukblsr
=082  04$a363.209416$222
=130  0\$aEquality monitoring report (Online)
=245  10$aEquality monitoring report$h[electronic resource].
=260  \\$a[Belfast] :$bPolice Ombudsman for Northern Ireland
=336  \\$atext$2rdacontent
=337  \\$acomputer$2rdamedia
=338  \\$aonline resource$2rdacarrier
=490  1\$aResearch report (Police Ombudsman for Northern Ireland)
=500  \\$aDescription based on: 2000/2009 issue; title from PDF t.p. (publisher's Web site, viewed Sept. 30, 2010).
=538  \\$aMode of access: World Wide Web.
=538  \\$aSystem requirements: Adobe Acrobat Reader.
=580  \\$aTo 2008? also issued in print format; beginning with 2009? issued online only.
=610  20$aOffice of the Police Ombudsman for Northern Ireland$vPeriodicals.
=650  \0$aPolice$xComplaints against$zNorthern Ireland$vStatistics$vPeriodicals.
=650  \0$aEquality$zNorthern Ireland$vStatistics$vPeriodicals.
=710  2\$aOffice of the Police Ombudsman for Northern Ireland.
=780  10$tEquality monitoring report
=787  0\$tEquality monitoring report update
=830  \0$aResearch report (Police Ombudsman for Northern Ireland)
=856  4\$uhttp://www.policeombudsman.org/modules/publications/Publications.cfm/CatID/11/action/list$zFollow links to resource
=859  \\$aELD$bejournal
=CAT  \\$a8201E$b40$c20100930$lBLL01$h1207
=CAT  \\$a8201E$b40$c20100930$lBLL01$h1222
=CAT  \\$a9512$b40$c20131121$lBLL01$h1127
=CAT  \\$aWR14.047$c20140417$lBLL01$h1645
=CAT  \\$a8201$b40$c20150203$lBLL01$h0929
=CAT  \\$aW1711-1005$c20171206$lBLL01$h1822
=FIN  \\$aY$d20100930
=FMT  \\$a  SE
=LAS  \\$aW1711-1005$b00$c20171206$lBLL01$h1822
=LET  \0$aEquality monitoring report - Office of the Police Ombudsman for Northern Ireland (electronic)
=LKR  \\$aPAR$lBLL01$b013523222$nEquality monitoring report (Print)$r78000$mEquality monitoring report (Online)
=TCO  \\$aCLA$bCLA$c008

