=LDR  02107 as a2200517 a 4500
=001  015670527
=003  Uk
=005  20140328111750.0
=006  m\\\\\\\\d\|\\\\\\
=007  cr||||||||||||
=008  101013c200u9999enkar\p\s\\\\\0\\\a0eng\\
=040  \\$aUk$beng$cUk
=042  \\$aukblsr
=082  04$a363.5820942$222
=245  04$aThe draft housing revenue account subsidy determination ...$h[electronic resource].
=260  \\$aWetherby :$bDepartment for Communities and Local Government
=310  \\$aAnnual
=336  \\$atext$2rdacontent
=337  \\$acomputer$2rdamedia
=338  \\$aonline resource$2rdacarrier
=500  \\$aDescription based on: 2010/2011 issue; title from PDF t.p. (publisher's Web site, viewed Oct. 13, 2010).
=500  \\$a"Associated tables and reports are also issued on the Web site in Excel format".
=538  \\$aMode of access: World Wide Web.
=538  \\$aSystem requirements: Adobe Acrobat Reader.
=650  \0$aHousing subsidies$zEngland$vPeriodicals.
=650  \0$aHousing subsidies$zWales$vPeriodicals.
=650  \0$aPublic housing$xGovernment policy$zEngland$xFinance$vPeriodicals.
=650  \0$aPublic housing$xGovernment policy$zWales$xFinance$vPeriodicals.
=690  7\$aSocial Welfare$2blcoll
=710  1\$aGreat Britain.$bDepartment for Communities and Local Government.
=856  4\$uhttp://www.communities.gov.uk/corporate/publications/all/?view=Search+form$zTo search
=859  \\$aELD$bejournal
=985  \\$aRecord amended for WR# 13/070
=CAT  \\$a7332$b40$c20101013$lBLL01$h1543
=CAT  \\$a7332$b40$c20101013$lBLL01$h1549
=CAT  \\$a7332$b40$c20101014$lBLL01$h0824
=CAT  \\$aWR13_070$b00$c20130504$lBLL01$h0328
=CAT  \\$a8311$b40$c20140328$lBLL01$h1100
=CAT  \\$a8311$b40$c20140328$lBLL01$h1117
=CAT  \\$aBATCH-SWP$c20140404$lBLL01$h2305
=CAT  \\$aW1711-1005$c20171206$lBLL01$h1823
=FIN  \\$aY$d20101013
=FMT  \\$a  SE
=LAS  \\$aW1711-1005$b00$c20171206$lBLL01$h1823
=LET  \0$aThe draft housing revenue account subsidy determination (Electronic)
=TCO  \\$aCLA$bCLA$c008

