=LDR  02272cas a2200553 a 4500
=001  015697692
=003  Uk
=005  20150813140158.0
=006  m\\\\\\\\d\|\\\\\\
=007  cr||||||||||||
=008  101118d199u2012enkar\p\s\\\\\0\\\a0eng\\
=FMT  \\$a  SE
=040  \\$aUk$beng$cUk
=042  \\$aukblsr
=082  04$a657.8322042$222
=245  00$aNHS costing manual ...$h[electronic resource]
=260  \\$a[London] :$bDept. of Health
=310  \\$aAnnual
=336  \\$atext$2rdacontent
=337  \\$acomputer$2rdamedia
=338  \\$aonline resource$2rdacarrier
=538  \\$aMode of access: World Wide Web.
=538  \\$aSystem requirements: Adobe Acrobat Reader.
=500  \\$aDescription based on: 2008/09 issue; title from PDF t.p. (publisher's Web site, viewed on 18 Nov. 2010).
=500  \\$aLatest issue consulted: 2009/10 issue.
=520  \\$a"This manual sets out the principles and practice of costing to be applied in the NHS. It is designed to support improved costing and development of the National Tariff via Reference Costs."
=610  10$aGreat Britain.$bNational Health Service$xAdministration$vPeriodicals.
=650  \0$aCost accounting$zGreat Britain$vPeriodicals.
=650  \0$aHealth services administration$zGreat Britain$vPeriodicals.
=690  7\$aManagement and Business Studies$2blcoll
=710  1\$aGreat Britain.$bDepartment of Health.
=710  1\$aGreat Britain.$bNational Health Service.
=856  4\$uhttp://www.dh.gov.uk/en/Publicationsandstatistics/Publications/PublicationsLibrary/index.htm$zTo search
=859  \\$aELD$bejournal
=985  \\$aRecord amended for WR# 13/070
=CAT  \\$a7332$b40$c20101118$lBLL01$h0814
=CAT  \\$aBATCH$b00$c20101119$lBLL01$h0814
=CAT  \\$aWR13_070$b00$c20130504$lBLL01$h0328
=CAT  \\$a6790$b40$c20130510$lBLL01$h1526
=CAT  \\$aBATCH-MBS$c20130517$lBLL01$h2116
=CAT  \\$aWR13.114$c20130717$lBLL01$h1314
=CAT  \\$aWR14_072$c20140608$lBLL01$h1427
=CAT  \\$a6550$b40$c20150813$lBLL01$h1401
=CAT  \\$aWR15_120$c20150910$lBLL01$h1826
=CAT  \\$aW1711-1005$c20171206$lBLL01$h1823
=FIN  \\$aY$d20101118
=LET  \0$aNHS costing manual (Electronic)
=TCO  \\$aCLA$bCLA$c008
=LAS  \\$aW1711-1005$b00$c20171206$lBLL01$h1823

