=LDR  02152 as a2200553 a 4500
=001  015708264
=003  Uk
=005  20150526142525.0
=006  m\\\\\\\\d\|\\\\\\
=007  cr||||||||||||
=008  101202d2007201uenkar\\\s\\\\\0\\\a0eng\\
=015  \\$aGBB0E3775$2bnb
=040  \\$aUk$beng$cUk
=042  \\$aukblsr
=082  04$a331.25240941$222
=110  1\$aGreat Britain.$bPension Protection Fund.
=245  10$aManagement plan ... incorporating business plan ...$h[electronic resource].
=260  \\$a[Croydon] :$bPension Protection Fund,$c2007-
=310  \\$aAnnual
=336  \\$atext$2rdacontent
=337  \\$acomputer$2rdamedia
=338  \\$aonline resource$2rdacarrier
=362  0\$a2007/08-
=500  \\$aTitle from PDF t.p. (publisher's Web site, viewed Dec. 2, 2010).
=500  \\$aLatest issue consulted: 2010/11.
=515  \\$a"Management plan 2007/08-2009/10 incorporating business plan 2007/08".
=538  \\$aMode of access: World Wide Web.
=538  \\$aSystem requirements: Adobe Acrobat Reader.
=610  10$aGreat Britain.$bPension Protection Fund$vPeriodicals.
=610  10$aGreat Britain.$bPension Protection Fund$xPlanning$vPeriodicals.
=690  7\$aManagement and Business Studies$2blcoll
=690  7\$aSocial Welfare$2blcoll
=780  05$aGreat Britain. Pension Protection Fund$sBusiness plan (Great Britain. Pension Protection Fund)
=856  4\$uhttp://www.pensionprotectionfund.org.uk/DocumentLibrary/Pages/DocSearch.aspx$zTo search
=859  \\$aELD$bejournal
=CAT  \\$a8201E$b40$c20101202$lBLL01$h1602
=CAT  \\$a8201E$b40$c20101223$lBLL01$h1053
=CAT  \\$a6790$b40$c20130510$lBLL01$h1445
=CAT  \\$a6790$b40$c20130510$lBLL01$h1446
=CAT  \\$aBATCH-MBS$c20130517$lBLL01$h2116
=CAT  \\$aBATCH-SWP$c20130517$lBLL01$h2309
=CAT  \\$aWR13.114$c20130717$lBLL01$h1314
=CAT  \\$a6550$b40$c20150526$lBLL01$h1425
=CAT  \\$aW1711-1005$c20171206$lBLL01$h1823
=FIN  \\$aY$d20101202
=FMT  \\$a  SE
=LAS  \\$aW1711-1005$b00$c20171206$lBLL01$h1823
=LET  \0$aManagement plan ... incorporating business plan (electronic)
=TCO  \\$aCLA$bCLA$c008

