=LDR  02465 as a2200637 a 4500
=001  015717419
=003  Uk
=005  20200806115644.0
=006  m\\\\\\\\d\|\\\\\\
=007  cr||||||||||||
=008  101215c20119999enkmn\\\s\\\\\0\\\a0eng\\
=015  \\$aGBB155485$2bnb
=022  0\$a2046-1127$202
=040  \\$aUk$beng$cUk
=042  \\$aukblsr$aissnuk
=082  04$a658.022$222
=130  0\$aSmaller business briefing (Online)
=222  \0$aSmaller business briefing$b(Online)
=245  10$aSmaller business briefing$h[electronic resource].
=246  3\$aCroner's smaller business briefing
=260  \\$aKingston upon Thames :$bWolters Kluwer (UK),$c[2011]-[2019].
=264  31$aKingston upon Thames :$bCroner-i Ltd
=310  \\$aMonthly (except Aug. & Dec.)
=336  \\$atext$2rdacontent
=337  \\$acomputer$2rdamedia
=338  \\$aonline resource$2rdacarrier
=362  1\$aCeased with issue 246 (April 2019).
=538  \\$aMode of access: email and World Wide Web.
=538  \\$aSystem requirements: Adobe Acrobat Reader.
=580  \\$aPreviously issued in print.
=588  \\$aDescription based on: Issue no. 173 (8 Apr. 2011); title from PDF caption (email, sent 08/04/2011).
=588  \\$aLatest issue consulted: issue 235 (12 December 2017).
=650  \0$aSmall business$vPeriodicals.
=650  \0$aSmall business$xManagement$vPeriodicals.
=690  7\$aManagement and Business Studies$2blcoll
=710  2\$aCroner (Firm)
=776  08$iContinues print version :$tCroner smaller business briefing$x1367-9325
=856  0\$umailto: croner@wolterskluwer.co.uk$zTo subscribe
=859  \\$aELD$bejournal
=CAT  \\$a11316$b40$c20101215$lBLL01$h1051
=CAT  \\$a5997$b40$c20110510$lBLL01$h1535
=CAT  \\$a5997$b40$c20110621$lBLL01$h0913
=CAT  \\$a11433$b40$c20130419$lBLL01$h1305
=CAT  \\$aBATCH-MBS$c20130426$lBLL01$h2115
=CAT  \\$aWR13.114$c20130717$lBLL01$h1314
=CAT  \\$aWR14_072$c20140608$lBLL01$h1427
=CAT  \\$aWR15_120$c20150910$lBLL01$h1826
=CAT  \\$aW1711-1005$c20171206$lBLL01$h1823
=CAT  \\$a8483$b40$c20180328$lBLL01$h1147
=CAT  \\$a8483$b40$c20200806$lBLL01$h1156
=FIN  \\$aY$d20110510
=FMT  \\$a  SE
=LAS  \\$a8483$b40$c20200806$lBLL01$h1156
=LET  \0$aSmaller business briefing (Electronic)
=LKR  \\$aPAR$b009732738$lBLL01$nCroner smaller business briefing (Print)$mSmaller business briefing (Online)$r77608
=TCO  \\$aCLA$bCLA$c008

