=LDR  01931 as a2200481 a 4500
=001  015754497
=003  Uk
=005  20150128135841.0
=006  m\\\\\\\\d\|\\\\\\
=007  cr||||||||||||
=008  110216d200u201uenkar\\\o\s\\o0\\\a0eng\\
=015  \\$aGBB122774$2bnb
=040  \\$aUk$beng$cUk$dUk
=042  \\$aukblsr
=082  04$a333.95611094237021$222
=245  00$aRestormel fish counter (River Fowey) annual report$h[electronic resource].
=260  \\$aLaunceston :$bEnvironment Agency
=336  \\$atext$2rdacontent
=337  \\$acomputer$2rdamedia
=338  \\$aonline resource$2rdacarrier
=538  \\$aMode of access: World Wide Web.
=538  \\$aSystem requirements: Adobe Acrobat Reader.
=588  \\$aDescription based on 2009 issue; title from PDF caption (publisher's Web site, viewed Feb. 16, 2011).
=650  \0$aSalmon$xCounting$zEngland$zFowey, River$vStatisitcs$vPeriodicals.
=650  \0$aSea trout$xCounting$zEngland$zFowey, River$vStatistics$vPeriodicals.
=710  1\$aGreat Britain.$bEnvironment Agency.$bEnvironmental Monitoring Team (Devon and Cornwall Area).
=780  00$tRestormel fish counter annual report
=856  4\$uhttp://publications.environment-agency.gov.uk/epages/eapublications.storefront?lang=_e$zTo search
=859  \\$aELD$bejournal
=CAT  \\$a5997$b40$c20110216$lBLL01$h0922
=CAT  \\$a5997$b40$c20110216$lBLL01$h1056
=CAT  \\$a5997$b40$c20110216$lBLL01$h1413
=CAT  \\$a5100$b40$c20110216$lBLL01$h1654
=CAT  \\$a6790$b40$c20131031$lBLL01$h1116
=CAT  \\$aWR14.047$c20140417$lBLL01$h1645
=CAT  \\$a8201$b40$c20150128$lBLL01$h1358
=CAT  \\$aBATCH-UPD$b40$c20150509$lBLL01$h1540
=CAT  \\$aW1711-1005$c20171206$lBLL01$h1823
=FIN  \\$aY$d20110216
=FMT  \\$a  SE
=LAS  \\$aW1711-1005$b00$c20171206$lBLL01$h1823
=LET  \0$aRestormel fish counter (River Fowey) annual report (Electronic)
=TCO  \\$aCLA$bCLA$c008

