=LDR  01898 as a2200493 a 4500
=001  015779909
=003  Uk
=005  20140520115403.0
=006  m\\\\\\\\d\|\\\\\\
=007  cr||||||||||||
=008  110329d200u2011enkuu\p\o\\\\o0\\\a0eng\\
=015  \\$aGBB139870$2bnb
=040  \\$aUk$beng$cUk$dUk
=042  \\$aukblsr
=082  04$a353.423094105$222
=110  1\$aGreat Britain.$bCrown Prosecution Service.
=240  10$aBusiness strategy (Online)
=245  10$aBusiness strategy$h[electronic resource] /$cCrown Prosecution Service.
=260  \\$aLondon :$bCrown Prosecution Service
=336  \\$atext$2rdacontent
=337  \\$acomputer$2rdamedia
=338  \\$aonline resource$2rdacarrier
=538  \\$aMode of access: World Wide Web.
=538  \\$aSystem requirements: Adobe Acrobat Reader.
=588  \\$aDescription based on: 2005/08 issue; title from PDF cover title (publisher's Web site, viewed Mar. 29, 2011).
=610  10$aGreat Britain.$bCrown Prosecution Service$xPlanning$vPeriodicals.
=690  7\$aManagement and Business Studies$2blcoll
=785  10$aGreat Britain. Crown Prosecution Service.$sBusiness plan (Online)
=856  4\$uhttp://www.cps.gov.uk/publications/reports/index.html$zFollow links to resource
=859  \\$aELD$bejournal
=CAT  \\$a5997$b40$c20110329$lBLL01$h0923
=CAT  \\$a5997$b40$c20110329$lBLL01$h0944
=CAT  \\$a5997$b40$c20110329$lBLL01$h1210
=CAT  \\$a5997$b40$c20121127$lBLL01$h0753
=CAT  \\$a9512$b40$c20140306$lBLL01$h1558
=CAT  \\$aBATCH-MBS$c20140314$lBLL01$h2132
=CAT  \\$a8201$b40$c20140520$lBLL01$h1058
=CAT  \\$a8201$b40$c20140520$lBLL01$h1154
=CAT  \\$aW1711-1005$c20171206$lBLL01$h1823
=FIN  \\$aY$d20110329
=FMT  \\$a  SE
=LAS  \\$aW1711-1005$b00$c20171206$lBLL01$h1823
=LET  \0$aBusiness strategy - Crown Prosecution Service (Electronic)
=TCO  \\$aCLA$bCLA$c008

