=LDR  01837 as a2200505 a 4500
=001  015780081
=003  Uk
=005  20140521094855.0
=006  m\\\\\\\\d\|\\\\\\
=007  cr||||||||||||
=008  110329u2004uuuuenkuu\p\o\\\\\0\\\a0eng\\
=015  \\$aGBB139910$2bnb
=040  \\$aUk$beng$cUk$dUk
=042  \\$aukblsr
=082  04$a385$222
=130  0\$aInteractive (Derby : Online)
=245  10$aInteractive$h[electronic resource].
=260  \\$aDerby :$bInterfleet Technology
=336  \\$atext$2rdacontent
=337  \\$acomputer$2rdamedia
=338  \\$aonline resource$2rdacarrier
=362  1\$aPrint began with issue 1 (2004).
=515  \\$aNumbering restarts every year with issue 1.
=538  \\$aMode of access: World Wide Web.
=538  \\$aSystem requirements: Adobe Acrobat Reader.
=580  \\$aTo 2009? also issued in print format; beginning with 2010? issued online only.
=588  \\$aLatest issue consulted: Issue 1 (2010); title from PDF caption (publisher's Web site, viewed 29 Mar. 2011).
=610  20$aInterfleet Technology (Firm)$vPeriodicals.
=650  \0$aRailroads$vPeriodicals.
=650  \0$aRailroad trains$vPeriodicals.
=710  2\$aInterfleet Technology (Firm)
=780  10$tInter active
=856  4\$uhttp://www.interfleet.co.uk/CorporateWebsite/News/News.aspx$zFor latest issue
=859  \\$aELD$bejournal
=CAT  \\$a7332$b40$c20110329$lBLL01$h1243
=CAT  \\$a7332$b40$c20110329$lBLL01$h1310
=CAT  \\$a9512$b40$c20140306$lBLL01$h1609
=CAT  \\$a8201$b40$c20140521$lBLL01$h0948
=CAT  \\$aW1711-1005$c20171206$lBLL01$h1823
=FIN  \\$aY$d20110329
=FMT  \\$a  SE
=LAS  \\$aW1711-1005$b00$c20171206$lBLL01$h1823
=LET  \0$aInteractive (Electronic)
=LKR  \\$aPAR$b007204632$lBLL01$r78010$mInteractive$nInter active /
=TCO  \\$aCLA$bCLA$c008

