=LDR  02481cas a2200589 a 4500
=001  015808308
=003  Uk
=005  20150423113708.0
=006  m\\\\\\\\d\|\\\\\\
=007  cr||||||||||||
=008  110517c20109999stkar\\\s\\\\o0\\\a0eng\\
=FMT  \\$a  SE
=015  \\$aGBB158516$2bnb
=040  \\$aUk$beng$cUk$dUk
=042  \\$aukblsr
=082  04$a353.62340941105$222
=245  00$aLocal delivery plan ...$h[electronic resource] :$bpriorities for NHSScotland : guidance /$cThe Scottish Government.
=246  13$aPriorities for NHS Scotland : guidance
=246  1\$iSome issues entitled:$aLocal delivery plan guidance
=246  13$aHEAT
=246  13$aNHSScotland local delivery plan guidance
=246  13$aNHS Scotland local delivery plan guidance
=260  \\$a[Edinburgh] :$bScottish Government,$c2009-
=310  \\$aAnnual
=336  \\$atext$2rdacontent
=337  \\$acomputer$2rdamedia
=338  \\$aonline resource$2rdacarrier
=362  0\$a2010/11, version 1.0 (13 Nov. 2009)-
=538  \\$aMode of access: World Wide Web.
=538  \\$aSystem requirements: Adobe Acrobat Reader.
=500  \\$aTitle from PDF title page (publisher's Web site, viewed May 17, 2011).
=588  \\$aLatest issue consulted: 2015/16 (viewed April 23, 2015).
=610  20$aNational Health Service in Scotland$xPlanning$vPeriodicals.
=650  \0$aHealth planning$zScotland$vPeriodicals.
=650  \0$aNational health services$zScotland$xPlanning$vPeriodicals.
=690  7\$aManagement and Business Studies$2blcoll
=710  1\$aScotland.$bScottish Government.
=710  2\$aNational Health Service in Scotland.
=859  \\$aELD$bejournal
=856  4\$uhttp://www.scotland.gov.uk/$zTo search
=985  \\$aNo point in C/T here for addition of "guidance" in 2015/16; 2012/13 has title page with: Local delivery plan guidance (cover: Local delivery plan : guidance); 2013/14 cover Local delivery plan; too variable & prob also counts as generic word.
=CAT  \\$a3072$b40$c20110517$lBLL01$h1614
=CAT  \\$a10983$b40$c20140415$lBLL01$h1411
=CAT  \\$a3072$b40$c20150423$lBLL01$h1130
=CAT  \\$a3072$b40$c20150423$lBLL01$h1137
=CAT  \\$aWR15_120$c20150910$lBLL01$h1826
=CAT  \\$aBATCH-MBS$c20150918$lBLL01$h2047
=CAT  \\$aW1711-1005$c20171206$lBLL01$h1823
=FIN  \\$aY$d20110517
=LET  \0$aNHSScotland Local delivery plan guidance (Electronic)
=TCO  \\$aCLA$bCLA$c008
=LAS  \\$aW1711-1005$b00$c20171206$lBLL01$h1823

