=LDR  01989 as a2200529 a 4500
=001  015961467
=003  Uk
=005  20150414104014.0
=006  m\\\\\\\\d\|\\\\\\
=007  cr||||||||||||
=008  111103d20uu2013enkuu\\\s\\\\\0\\\a0eng\\
=015  \\$aGBB1C7385$2bnb
=040  \\$aUk$beng$cUk
=042  \\$aukblsr
=082  04$a362.106810942$223
=245  00$aPCT revenue allocations$h[electronic resource].
=246  3\$aPrimary care trust revenue allocations
=260  \\$a[London] :$bDepartment of Health
=336  \\$atext$2rdacontent
=337  \\$acomputer$2rdamedia
=338  \\$aonline resource$2rdacarrier
=362  1\$aCeased with 2012/13.
=500  \\$aDescription based on: 2009/10-2010/11; title from PDF caption (publisher's Web site, viewed Nov. 3, 2011).
=500  \\$aLatest issue consulted: 2011/12 (viewed Nov. 3, 2011).
=538  \\$aMode of access: World Wide Web.
=538  \\$aSystem requirements: Adobe Acrobat Reader.
=610  10$aGreat Britain.$bNational Health Service$xFinance$vPeriodicals.
=650  \0$aMedical care, Cost of$zEngland$vStatistics$vPeriodicals.
=690  7\$aSocial Welfare$2blcoll
=710  1\$aGreat Britain.$bDepartment of Health.
=856  4\$uhttp://www.dh.gov.uk/health/category/publications/reports-publications/$zTo search
=859  \\$aELD$bejournal
=985  \\$aRecord amended for WR# 13/070
=CAT  \\$a8201E$b40$c20111103$lBLL01$h1226
=CAT  \\$aBATCH-TCO$c20120117$lBLL01$h0040
=CAT  \\$aWR13_070$b00$c20130504$lBLL01$h0335
=CAT  \\$aBATCH-UPD$b00$c20130506$lBLL01$h1601
=CAT  \\$a9512$b40$c20140109$lBLL01$h1159
=CAT  \\$aBATCH-SWP$c20140117$lBLL01$h2313
=CAT  \\$aWR14.047$c20140417$lBLL01$h1646
=CAT  \\$a6550$b40$c20150414$lBLL01$h1040
=CAT  \\$aW1711-1005$c20171206$lBLL01$h1823
=FIN  \\$aY$d20111103
=FMT  \\$a  SE
=LAS  \\$aW1711-1005$b00$c20171206$lBLL01$h1823
=LET  \0$aPCT revenue allocations (electronic)
=TCO  \\$aCLA$bCLA$c008

