=LDR  01803 as a2200481 a 4500
=001  015997225
=003  Uk
=005  20150421095319.0
=006  m\\\\\\\\d\|\\\\\\
=007  cr||||||||||||
=008  111221d200u201uenkar\p\o\\\\o0\\\a0eng\\
=015  \\$aGBB1E5581$2bnb
=040  \\$aUk$beng$cUk
=042  \\$aukblsr
=082  04$a331.21530941$223
=110  1\$aGreat Britain.$bOffice for Standards in Education (England)
=245  10$aEqual pay audit$h[electronic resource] /$cOfsted.
=260  \\$a[S.l.] :$bOfsted
=336  \\$atext$2rdacontent
=337  \\$acomputer$2rdamedia
=338  \\$aonline resource$2rdacarrier
=538  \\$aMode of access: World Wide Web.
=538  \\$aSystem requirements: Adobe Acrobat Reader.
=588  \\$aDescription based on: 2010/11 issue; title from PDF caption (publisher's Web site, viewed Dec. 21, 2011).
=610  10$aGreat Britain.$bOffice for Standards in Education (England)$vPeriodicals.
=650  \0$aPay equity$xGovernment policy$zGreat Britain$vPeriodicals.
=650  \0$aEqual pay for equal work$xGovernment policy$zGreat Britain$vPeriodicals.
=690  7\$aManagement and Business Studies$2blcoll
=856  4\$uhttp://ofsted.eu/resources$aTo search
=859  \\$aELD$bejournal
=CAT  \\$a5997$b40$c20111221$lBLL01$h1524
=CAT  \\$a5997$b40$c20111221$lBLL01$h1525
=CAT  \\$aBATCH-TCO$c20120117$lBLL01$h0040
=CAT  \\$a9512$b40$c20140117$lBLL01$h1723
=CAT  \\$aBATCH-MBS$c20140124$lBLL01$h2135
=CAT  \\$aWR14.047$c20140417$lBLL01$h1646
=CAT  \\$a6550$b40$c20150421$lBLL01$h0953
=CAT  \\$aW1711-1005$c20171206$lBLL01$h1824
=FIN  \\$aY$d20111221
=FMT  \\$a  SE
=LAS  \\$aW1711-1005$b00$c20171206$lBLL01$h1824
=LET  \0$aEqual pay audit - Ofsted (Electronic)
=TCO  \\$aCLA$bCLA$c008

