=LDR  02555 as a2200649 a 4500
=001  016002849
=003  Uk
=005  20210108121614.0
=006  m\\\\\\\\d\|\\\\\\
=007  cr||||||||||||
=008  120106d20102010enkar\\\o\\\\o0\\\a0eng\\
=FMT  \\$a  SE
=015  \\$aGBB200998$2bnb
=040  \\$aUk$beng$cUk$dUk
=042  \\$aukblsr
=082  04$a627.80942$223
=245  00$aPost incident annual report$h[electronic resource].
=246  1\$iWeb site list title:$aPost incident report annual report
=246  1\$iWeb site list title:$aLearning from experience :$bpost-incident reporting - annual report
=260  \\$aBristol :$bEnvironment Agency,$c[2010]
=310  \\$aAnnual
=336  \\$atext$2rdacontent
=337  \\$acomputer$2rdamedia
=338  \\$aonline resource$2rdacarrier
=362  0\$a2010.
=538  \\$aMode of access: World Wide Web.
=538  \\$aSystem requirements: Adobe Acrobat Reader.
=500  \\$aTitle from PDF title page (publisher's Web site, viewed Jan. 6, 2012).
=650  \0$aDam failures$xInvestigation$zEngland$vPeriodicals.
=650  \0$aDam failures$xInvestigation$zWales$vPeriodicals.
=650  \0$aDams$xDefects$xReporting$zEngland$vPeriodicals.
=650  \0$aDams$xDefects$xReporting$zWales$vPeriodicals.
=710  1\$aGreat Britain.$bEnvironment Agency.
=780  00$tLearning from experience
=785  00$tPost-incident reporting for reservoirs
=856  4\$uhttp://www.environment-agency.gov.uk/business/sectors/118443.aspx$zTo search
=859  \\$aELD$bejournal
=CAT  \\$a5997$b40$c20120106$lBLL01$h1158
=CAT  \\$a5997$b40$c20120106$lBLL01$h1328
=CAT  \\$a5997$b40$c20120106$lBLL01$h1330
=CAT  \\$a10983$b40$c20120116$lBLL01$h0821
=CAT  \\$aBATCH-TCO$c20120117$lBLL01$h0038
=CAT  \\$a9512$b40$c20140122$lBLL01$h1550
=CAT  \\$a11316$b40$c20140407$lBLL01$h1502
=CAT  \\$a11316$b40$c20140407$lBLL01$h1503
=CAT  \\$a11316$b40$c20140407$lBLL01$h1511
=CAT  \\$a11316$b40$c20140407$lBLL01$h1513
=CAT  \\$aWR14.047$c20140417$lBLL01$h1646
=CAT  \\$a10983$b40$c20140523$lBLL01$h1423
=CAT  \\$aW1711-1225$c20171203$lBLL01$h1046
=CAT  \\$aW1711-1005$c20171206$lBLL01$h1824
=CAT  \\$a6490$b40$c20210108$lBLL01$h1216
=FIN  \\$aY$d20120106
=LET  \0$aPost incident annual report - Environment Agency (Electronic)
=LKR  \\$aPAR$b016002833$lBLL01$nLearning from experience (Online)$mPost incident annual report (Online)$r78000
=TCO  \\$aCLA$bCLA$c008
=LAS  \\$a6490$b40$c20210108$lBLL01$h1216

