=LDR  02034cas a2200541 a 4500
=001  016004351
=003  Uk
=005  20130419111522.0
=006  m\\\\\\\\d\|\\\\\\
=007  cr||||||||||||
=008  120110c20119999enkuu\p\o\s\\\0\\\a0eng\\
=FMT  \\$a  SE
=015  \\$aGBB201582$2bnb
=040  \\$aUk$beng$cUk
=042  \\$aukblsr
=082  04$a368.0098$223
=245  00$aLatin America & Caribbean insurance alert$h[electronic resource].
=246  3\$aLatin America and caribbean insurance alert.
=260  \\$aOrpington :$bBannister International Research Organisation,$c2011-
=336  \\$atext$2rdacontent
=337  \\$acomputer$2rdamedia
=338  \\$aonline resource$2rdacarrier
=362  0\$aIssue no. 1 (Nov. 2011)-
=538  \\$aMode of access: email and World Wide Web.
=538  \\$aSystem requirements: Adobe Acrobat Reader.
=500  \\$aTitle from PDF caption (email attachment, sent Dec. 6, 2011).
=650  \0$aInsurance$zLatin America$vStatistics$vPeriodicals.
=650  \0$aInsurance$zLatin America$xForecasting$vPeriodicals.
=650  \0$aInsurance$zCaribbean$vStatistics$vPeriodicals.
=650  \0$aInsurance$zCaribbean$xForecasting$vPeriodicals.
=690  7\$aManagement and Business Studies$2blcoll
=710  2\$aBannister International Research Organisation.
=856  4\$uNews@biro.co.uk$zTo subscribe
=859  \\$aELD$bejournal
=CAT  \\$a5997$b40$c20120110$lBLL01$h1357
=CAT  \\$a5997$b40$c20120110$lBLL01$h1359
=CAT  \\$a5997$b40$c20120110$lBLL01$h1400
=CAT  \\$aBATCH-TCO$c20120117$lBLL01$h0038
=CAT  \\$a11433$b40$c20130419$lBLL01$h1115
=CAT  \\$aBATCH-MBS$c20130426$lBLL01$h2115
=CAT  \\$aWR13.114$c20130717$lBLL01$h1315
=CAT  \\$aWR14_072$c20140608$lBLL01$h1429
=CAT  \\$aWR15_120$c20150910$lBLL01$h1826
=CAT  \\$aW1711-1005$c20171206$lBLL01$h1824
=FIN  \\$aY$d20120110
=LET  \0$aLatin America & Caribbean insurance alert (Electronic)
=TCO  \\$aCLA$bCLA$c008
=LAS  \\$aW1711-1005$b00$c20171206$lBLL01$h1824

