=LDR  02391 as a2200529 a 4500
=001  016017735
=003  Uk
=005  20210125103458.0
=006  m\\\\\\\\d\|\\\\\\
=007  cr||||||||||||
=008  120127d200u2015enkar\\\o\\\\o0\\\a0eng\\
=FMT  \\$a  SE
=015  \\$aGBB208486$2bnb
=040  \\$aUk$beng$cUk
=042  \\$aukblsr
=082  04$a363.122094105$223
=110  1\$aGreat Britain.$bRail Safety & Standards Board.
=245  10$aHalf-yearly safety performance report ...$h[electronic resource] /$cRSSB.
=246  1\$iIssue for 2014/2015 has title:$aHalf-yearly safety performance update
=260  \\$aLondon :$bRail Safety & Standards Board,$c-2014.
=336  \\$atext$2rdacontent
=337  \\$acomputer$2rdamedia
=338  \\$aonline resource$2rdacarrier
=362  0\$a-2014/2015.
=538  \\$aMode of access: World Wide Web.
=538  \\$aSystem requirements: Adobe Acrobat Reader.
=580  \\$a"An update of the main ASPR".
=588  \\$aDescription based on: 2011/12 issue; title from PDF caption (publisher's Web site, viewed Jan. 27, 2012).
=588  \\$aLatest issue consulted: 2014/2015 (viewed January 19, 2016).
=650  \0$aRailroads$zGreat Britain$xSafety measures$vPeriodicals.
=650  \0$aRailroads$xSafety regulations$zGreat Britain$vPeriodicals.
=785  00$aGreat Britain. Rail Safety & Standards Board.$tAnnual safety performance report. Half-year update
=787  1\$aGreat Britain. Rail Safety & Standards Board.$tAnnual safety performance report
=856  4\$uhttp://www.rssb.co.uk/SPR/REPORTS/Pages/default.aspx$zFollow links to resource for current issue
=856  4\$uhttp://www.rssb.co.uk/risk-analysis-and-safety-reporting/safety-intelligence/safety-performance-reports$zFollow links to resource
=859  \\$aELD$bejournal
=CAT  \\$a3072$b40$c20120127$lBLL01$h1708
=CAT  \\$a11316$b40$c20160119$lBLL01$h1209
=CAT  \\$a11316$b40$c20160119$lBLL01$h1229
=CAT  \\$a14412$b40$c20160308$lBLL01$h1450
=CAT  \\$aW1711-1225$c20171203$lBLL01$h1046
=CAT  \\$aW1711-1005$c20171206$lBLL01$h1824
=CAT  \\$a6490$b40$c20210125$lBLL01$h1034
=FIN  \\$aY$d20120127
=LET  \0$aHalf-yearly safety performance report - RSSB (Electronic)
=LKR  \\$aPAR$b014634424$lBLL01$r787$mHalf-yearly safety performance report$nAnnual safety performance report
=LAS  \\$a6490$b40$c20210125$lBLL01$h1034

