=LDR  02414 as a2200553 a 4500
=001  016032234
=003  Uk
=005  20210111101436.0
=006  m\\\\\\\\d\|\\\\\\
=007  cr||||||||||||
=008  120215d200u201uwlkar\\\o\\\\\0\\\a0eng\\
=FMT  \\$a  SE
=015  \\$aGBB216188$2bnb
=040  \\$aUk$beng$cUk
=042  \\$aukblsr
=082  04$a361.307155$223
=245  00$aSocial care workforce development programme for the personal social services.$pProgress report for ...$h[electronic resource] :
=260  \\$a[Cardiff] :$bWelsh Government
=310  \\$aAnnual
=336  \\$atext$2rdacontent
=337  \\$acomputer$2rdamedia
=338  \\$aonline resource$2rdacarrier
=538  \\$aMode of access: World Wide Web.
=538  \\$aSystem requirements: Adobe Acrobat Reader.
=500  \\$aAccompanied on Web site by Excel spreadsheet, whose title varies from year to year.
=588  \\$aDescription based on: 2009/11 issue; title from PDF cover (publisher's Web site, viewed Feb. 15, 2012).
=588  \\$aLatest issue consulted: 2010/11 issue (viewed Feb. 15, 2012).
=650  \0$aSocial workers$xTraining of$zWales$vPeriodicals.
=650  \0$aSocial work education$zWales$vPeriodicals.
=690  7\$aSocial Welfare$2blcoll
=710  1\$aWales.$bWelsh Government.
=775  08$iIssued also in Welsh:$tSocial care workforce development programme for the personal social services. Progress report for ... Welsh. Rhaglen datblygu'r gweithlu gofal cymdeithasol ar gyfer y gwasanaethau cymdeithasol personol. Adroddiad ar hynt y rhaglen ...
=856  4\$uhttp://cymru.gov.uk/?skip=1&lang$zTo search
=859  \\$aELD$bejournal
=CAT  \\$a3072$b40$c20120215$lBLL01$h1735
=CAT  \\$a3072$b40$c20120215$lBLL01$h1736
=CAT  \\$a3072$b40$c20120216$lBLL01$h1210
=CAT  \\$a3072$b40$c20120216$lBLL01$h1216
=CAT  \\$a3072$b40$c20120216$lBLL01$h1217
=CAT  \\$a6790$b40$c20130429$lBLL01$h1111
=CAT  \\$aBATCH-SWP$c20130503$lBLL01$h2344
=CAT  \\$aWR13.114$c20130717$lBLL01$h1315
=CAT  \\$aWR14_072$c20140608$lBLL01$h1429
=CAT  \\$a6550$b40$c20150512$lBLL01$h1525
=CAT  \\$aW1711-1005$c20171206$lBLL01$h1824
=CAT  \\$a6490$b40$c20210111$lBLL01$h1014
=FIN  \\$aY$d20120216
=LET  \0$aSocial care workforce development programme for the personal social services. Progress report (Electronic)
=LAS  \\$a6490$b40$c20210111$lBLL01$h1014

