=LDR  03601cas a2200745 a 4500
=001  016046298
=003  Uk
=005  20230829112858.0
=006  m\\\\\\\\d\|\\\\\\
=007  cr||||||||||||
=008  120308c20uu9999enkmr\\\o\s\\o0\\\a0eng\\
=FMT  \\$a  SE
=015  \\$aGBB224842$2bnb
=040  \\$aUk$beng$cUk$dUk
=042  \\$aukblsr
=082  04$a338.476910941021$223
=245  00$aMonthly statistics of building materials and components.$pCommentary$h[electronic resource].
=246  30$aCommentary
=246  1\$iWeb link title:$aConstruction building materials - commentary
=260  \\$a[London] :$bDepartment for Business, Innovation & Skills
=264  21$32016-2023$a[London] :$bDepartment for Business, Energy & Industrial Strategy
=264  21$3February 2023:$a[London] :$bHM Government
=264  31$3March 2023-$a[London] :$bDepartment for Business & Trade
=336  \\$atext$2rdacontent
=337  \\$acomputer$2rdamedia
=338  \\$aonline resource$2rdacarrier
=538  \\$aMode of access: World Wide Web.
=538  \\$aSystem requirements: Adobe Acrobat Reader.
=588  \\$aDescription based on: July 2011; title from PDF title page (publisher's Web site, viewed Mar. 8, 2012).
=588  \\$aLatest issue consulted: July 2023 (GOV.UK, viewed August 23, 2023).
=650  \0$aBuilding materials$zGreat Britain$vStatistics$vPeriodicals.
=650  \0$aBuilding$zGreat Britain$vStatistics$vPeriodicals.
=690  7\$aManagement and Business Studies$2blcoll
=710  1\$aGreat Britain.$bDepartment for Business, Innovation and Skills.
=710  1\$aGreat Britain.$bDepartment for Business, Energy & Industrial Strategy,$eissuing body.
=710  1\$aGreat Britain.$bDepartment for Business & Trade,$eissuing body.
=772  0\$tMonthly statistics of building materials and components (Online)$x1756-9184
=773  08$iLater content issued on webpage:$aGreat Britain. Department for Business & Trade.$tBuilding materials and components : monthly statistics
=856  4\$uhttp://www.bis.gov.uk/analysis/statistics/construction-statistics/building-materials$zFollow links to resource
=856  4\$uhttps://www.gov.uk/government/collections/building-materials-and-components-monthly-statistics-2012$zFollow links to resource
=859  \\$aELD$bejournal
=CAT  \\$a8201E$b40$c20120308$lBLL01$h0935
=CAT  \\$aBATCH-UPD$b40$c20130411$lBLL01$h1648
=CAT  \\$a6790$b40$c20130530$lBLL01$h1625
=CAT  \\$aBATCH-MBS$c20130607$lBLL01$h2123
=CAT  \\$aWR13.114$c20130717$lBLL01$h1315
=CAT  \\$aWR14_072$c20140608$lBLL01$h1429
=CAT  \\$aBATCH-UPD$b00$c20141226$lBLL01$h2130
=CAT  \\$aWR15_120$c20150910$lBLL01$h1826
=CAT  \\$aW1711-1005$c20171206$lBLL01$h1824
=CAT  \\$a8124$b40$c20180529$lBLL01$h1232
=CAT  \\$a8124$b40$c20180529$lBLL01$h1233
=CAT  \\$a3072$b40$c20230823$lBLL01$h1258
=CAT  \\$a3072$b40$c20230823$lBLL01$h1259
=CAT  \\$a3072$b40$c20230823$lBLL01$h1300
=CAT  \\$a3072$b40$c20230823$lBLL01$h1301
=CAT  \\$a3072$b40$c20230823$lBLL01$h1308
=CAT  \\$a3072$b40$c20230823$lBLL01$h1309
=CAT  \\$a3072$b40$c20230823$lBLL01$h1314
=CAT  \\$a3072$b40$c20230823$lBLL01$h1448
=CAT  \\$a3072$b40$c20230829$lBLL01$h1128
=FIN  \\$aY$d20120308
=LET  \0$aCommentary - Monthly statistics of building materials and components (electronic)
=LKR  \\$aPAR$b014573202$lBLL01$r772$mMonthly statistics of building materials and components.$nMonthly statistics of building materials and components (Online)
=LAS  \\$a3072$b40$c20230829$lBLL01$h1128

