=LDR  02789 as a2200601 a 4500
=001  016046379
=003  Uk
=005  20201217112956.0
=006  m\\\\\\\\d\|\\\\\\
=007  cr||||||||||||
=008  120308d2008201uwlkar\\\o\\\\o0\\\a0eng\\
=FMT  \\$a  SE
=015  \\$aGBB224870$2bnb
=040  \\$aUk$beng$cUk$dUk
=042  \\$aukblsr
=082  04$a353.409429$223
=110  2\$aAdministrative Justice & Tribunals Council (Great Britain).$bWelsh Committee.
=240  10$aAnnual report (Online)
=245  10$aAnnual report$h[electronic resource] /$cAdministrative Justice & Tribunals Council. Welsh Committee.
=246  31$aAdroddiad blynyddol / Y Cyngor Cyfiawnder Gweinyddol a Thribiwnlysoedd. Pwyllgor Cymreig
=260  \\$aLondon :$bStationery Office,$c2009-
=336  \\$atext$2rdacontent
=337  \\$acomputer$2rdamedia
=338  \\$aonline resource$2rdacarrier
=362  0\$a2008/2009-
=500  \\$a'... laid before the National Assembly of Wales by Welsh Ministers pursuant to paragraph 21 of Schedule 7 to the Tribunals, Courts and Enforcement Act 2007'--T.p.
=546  \\$a2009/2010 published in tête-bêche format: English and Welsh.
=538  \\$aMode of access: World Wide Web.
=538  \\$aSystem requirements: Adobe Acrobat Reader.
=530  \\$a2008/2009 also issued in print format; beginning with 2009/2010 issued online only.
=588  \\$aTitle from PDF cover (publisher's Web site, viewed Mar. 8, 2012).
=588  \\$aLatest issue consulted: 2010/2011 (viewed Mar. 8, 2012).
=610  20$aAdministrative Justice & Tribunals Council (Great Britain). Welsh Committee$vPeriodicals.
=650  \0$aAdministrative courts$zWales$vPeriodicals.
=690  7\$aManagement and Business Studies$2blcoll
=776  08$aAdministrative Justice & Tribunals Council (Great Britain). Welsh Committee.$tAnnual Report (Print)
=780  10$aAdministrative Justice & Tribunals Council (Great Britain). Welsh Committee.$tAnnual report
=856  4\$uhttp://ajtc.justice.gov.uk/welsh/publications.htm$zFollow link to resource
=859  \\$aELD$bejournal
=CAT  \\$a8201E$b40$c20120308$lBLL01$h1141
=CAT  \\$a8201E$b40$c20120308$lBLL01$h1150
=CAT  \\$a5110$b40$c20121004$lBLL01$h1431
=CAT  \\$a5110$b40$c20121004$lBLL01$h1445
=CAT  \\$a6790$b40$c20130503$lBLL01$h1456
=CAT  \\$aBATCH-MBS$c20130510$lBLL01$h2126
=CAT  \\$aWR13.114$c20130717$lBLL01$h1315
=CAT  \\$aWR14_072$c20140608$lBLL01$h1429
=CAT  \\$a8201$b40$c20150305$lBLL01$h1541
=CAT  \\$aW1711-1005$c20171206$lBLL01$h1824
=CAT  \\$a6490$b40$c20201217$lBLL01$h1129
=FIN  \\$aY$d20120308
=LET  \0$aAnnual report - Administrative Justice & Tribunals Council. Welsh Committee (electronic)
=LAS  \\$a6490$b40$c20201217$lBLL01$h1129

