=LDR  01895cas a2200505 a 4500
=001  016052723
=003  Uk
=005  20150813125534.0
=006  m\\\\\\\\d\|\\\\\\
=007  cr||||||||||||
=008  120320d200u2012enkar\\\o\\\\\0\\\a0eng\\
=FMT  \\$a  SE
=015  \\$aGBB228296$2bnb
=040  \\$aUk$beng$cUk
=042  \\$aukblsr
=082  04$a320.60941$223
=110  2\$aReform (Think tank: Great Britain)
=245  10$aReform scorecard$h[electronic resource].
=260  \\$aLondon :$bReform
=336  \\$atext$2rdacontent
=337  \\$acomputer$2rdamedia
=338  \\$aonline resource$2rdacarrier
=538  \\$aMode of access: World Wide Web.
=538  \\$aSystem requirements: Adobe Acrobat Reader.
=520  \\$aReform's review and scorecard of the Coalition's public service reform programme.
=588  \\$aDescription based on: 2011 issue; title from PDF cover (publisher's Web site, viewed Mar. 20, 2012).
=588  \\$aLatest issue consulted: 2012 issue (viewed Mar. 20, 2012).
=650  \0$aPolicy sciences$xResearch$zGreat Britain.
=650  \0$aResearch institutes$zGreat Britain$vPeriodicals.
=650  \0$aGovernment productivity$zGreat Britain$vPeriodicals.
=650  \0$aOrganizational effectiveness$zGreat Britain$vPeriodicals.
=856  4\$uhttp://www.reform.co.uk$zTo search
=859  \\$aELD$bejournal
=CAT  \\$a3072$b40$c20120320$lBLL01$h1345
=CAT  \\$a3072$b40$c20120320$lBLL01$h1346
=CAT  \\$a6790$b40$c20130516$lBLL01$h1118
=CAT  \\$aWR13.114$c20130717$lBLL01$h1315
=CAT  \\$aWR14_072$c20140608$lBLL01$h1429
=CAT  \\$a6550$b40$c20150813$lBLL01$h1253
=CAT  \\$a6550$b40$c20150813$lBLL01$h1255
=CAT  \\$aWR15_120$c20150910$lBLL01$h1826
=CAT  \\$aW1711-1005$c20171206$lBLL01$h1824
=FIN  \\$aY$d20120320
=LET  \0$aReform scorecard (Electronic)
=LAS  \\$aW1711-1005$b00$c20171206$lBLL01$h1824

