=LDR  03312 as a2200685 a 4500
=001  016080297
=003  Uk
=005  20190814122301.0
=006  m\\\\\\\\d\|\\\\\\
=007  cr||||||||||||
=008  120419d20102017enkar\\\os\\\o0\\\a0eng\\
=FMT  \\$a  SE
=040  \\$aUk$beng$cUk
=042  \\$aukblsr
=082  04$a362.11094275021$223
=245  00$aSurvey of adult inpatients in the NHS.$pSt Helens and Knowsley Teaching Hospitals NHS Trust$h[electronic resource] /$cCare Quality Commission.
=246  3\$aSurvey of adult inpatients in the National Health Service.$pSt Helens and Knowsley Teaching Hospitals NHS Trust
=246  1\$iMinor title change:$aSurvey of adult inpatients.$pt Helens and Knowsley Teaching Hospitals NHS Trust,$f2011-2017.
=260  \\$a[Great Britain] :$bCare Quality Commission
=310  \\$aAnnual
=336  \\$atext$2rdacontent
=337  \\$acomputer$2rdamedia
=338  \\$aonline resource$2rdacarrier
=362  0\$a2010-2017.
=490  0\$aPatient survey report
=538  \\$aMode of access: World Wide Web.
=538  \\$aSystem requirements: Adobe Acrobat Reader.
=500  \\$aTitle from PDF cover (National Archives snapshot, taken on 04/05/2011).
=550  \\$aPrepared for the NHS Patient Survey Programme.
=588  \\$aLatest issue consulted: 2017 (NHS Surveys, viewed August 14, 2019).
=610  20$aSt. Helens and Knowsley Teaching Hospitals NHS Trust$xEvaluation$vPeriodicals.
=650  \0$aPatient satisfaction$zEngland$zLiverpool$vStatistics$vPeriodicals.
=650  \0$aMedical care surveys$zEngland$zLiverpool$vPeriodicals.
=650  \0$aHospital care$zEngland$zLiverpool$xEvaluation$vStatistics$vPeriodicals.
=690  7\$aSocial Welfare$2blcoll
=710  1\$aGreat Britain.$bCare Quality Commission.
=710  2\$aNHS Patient Survey Programme.
=780  00$tSurvey of adult inpatients in the NHS. St Helens and Knowsley Hospitals NHS Trust
=785  00$tAdult inpatient survey. St Helens and Knowsley Teaching Hospitals NHS Trust
=856  4\$uhttp://webarchive.nationalarchives.gov.uk/*/http://www.cqc.org.uk/$zFollow links to resource
=856  4\$uhttp://www.nhssurveys.org/surveys/425$zFollow links to resource
=859  \\$aELD$bejournal
=CAT  \\$a11316$b40$c20120503$lBLL01$h1611
=CAT  \\$a11316$b40$c20120503$lBLL01$h1628
=CAT  \\$aBATCH-UPD$b40$c20120511$lBLL01$h1253
=CAT  \\$a8871$b40$c20120511$lBLL01$h1420
=CAT  \\$aBATCH-UPD$b40$c20120516$lBLL01$h1128
=CAT  \\$a11316$b40$c20120531$lBLL01$h0838
=CAT  \\$a11316$b40$c20120531$lBLL01$h0844
=CAT  \\$a6790$b40$c20130620$lBLL01$h1545
=CAT  \\$aBATCH-SWP$c20130629$lBLL01$h0025
=CAT  \\$aWR13.114$c20130717$lBLL01$h1315
=CAT  \\$aWR14_072$c20140608$lBLL01$h1430
=CAT  \\$aWR15_120$c20150910$lBLL01$h1827
=CAT  \\$aW1711-1005$c20171206$lBLL01$h1824
=CAT  \\$a8483$b40$c20190814$lBLL01$h1223
=FIN  \\$aY$d20120503
=LET  \0$aSurvey of adult inpatients. St. Helens and Knowsley Teaching Hospitals NHS Trust (Electronic)
=LKR  \\$aPAR$b016080299$lBLL01$nSurvey of adult inpatients in the NHS. St Helens and Knowsley Hospitals NHS Trust$mSurvey of adult inpatients in the NHS. St Helens and Knowsley Teaching Hospitals NHS Trust$r78000
=LAS  \\$a8483$b40$c20190814$lBLL01$h1223

