=LDR  02974 as a2200637 a 4500
=001  016083961
=003  Uk
=005  20201005162709.0
=006  m\\\\\\\\d\|\\\\\\
=007  cr||||||||||||
=008  120510d20112017enkar\\\os\\\o0\\\a0eng\\
=FMT  \\$a  SE
=015  \\$aGBB246162$2bnb
=040  \\$aUk$beng$cUk$dUk
=042  \\$aukblsr
=082  04$a362.11094249021$223
=245  00$aSurvey of adult inpatients.$pHeart Of England NHS Foundation Trust$h[electronic resource] /$cCare Quality Commission.
=260  \\$a[London?] :$bCare Quality Commission
=310  \\$aAnnual
=336  \\$atext$2rdacontent
=337  \\$acomputer$2rdamedia
=338  \\$aonline resource$2rdacarrier
=362  0\$a2011-
=490  0\$aPatient survey report
=538  \\$aMode of access: World Wide Web.
=538  \\$aSystem requirements: Adobe Acrobat Reader.
=500  \\$aTitle from PDF cover (National Archives snapshot, taken on 04/05/2011).
=550  \\$aPrepared for the NHS Patient Survey Programme.
=580  \\$aMerged with: Survey of adult inpatients in the NHS.University Hospital Birmingham NHS Foundation Trust, to form: Adult inpatient survey.University Hospitals Birmingham NHS Foundation Trust.
=610  20$aHeart of England NHS Foundation Trust$xEvaluation$vPeriodicals.
=650  \0$aPatient satisfaction$zEngland$zWest Midlands$vStatistics$vPeriodicals.
=650  \0$aMedical care surveys$zEngland$zWest Midlands$vPeriodicals.
=650  \0$aHospital care$zEngland$zWest Midlands$xEvaluation$vStatistics$vPeriodicals.
=690  7\$aSocial Welfare$2blcoll
=710  1\$aGreat Britain.$bCare Quality Commission.
=710  2\$aNHS Patient Survey Programme.
=780  00$tSurvey of adult inpatients in the NHS. Heart Of England NHS Foundation Trust
=785  17$tSurvey of adult inpatients in the NHS. University Hospital Birmingham NHS Foundation Trust
=785  17$tAdult inpatient survey. University Hospitals Birmingham NHS Foundation Trust.
=856  4\$uhttp://www.nhssurveys.org/surveys$zFollow links to current report
=859  \\$aELD$bejournal
=CAT  \\$a8201E$b40$c20120510$lBLL01$h1137
=CAT  \\$aBATCH-UPD$b40$c20120516$lBLL01$h1128
=CAT  \\$a8201E$b40$c20120517$lBLL01$h0916
=CAT  \\$a8201E$b40$c20120531$lBLL01$h0943
=CAT  \\$a8311$b40$c20130522$lBLL01$h1349
=CAT  \\$aBATCH-SWP$c20130531$lBLL01$h2318
=CAT  \\$aWR13.114$c20130717$lBLL01$h1315
=CAT  \\$aWR14_072$c20140608$lBLL01$h1430
=CAT  \\$aWR15_120$c20150910$lBLL01$h1827
=CAT  \\$aW1711-1005$c20171206$lBLL01$h1824
=CAT  \\$a3072$b40$c20201005$lBLL01$h1627
=FIN  \\$aY$d20120510
=LET  \0$aSurvey of adult inpatients. Heart Of England NHS Foundation Trust (Electronic)
=LKR  \\$aPAR$b016083959$lBLL01$nSurvey of adult inpatients in the NHS. Heart Of England NHS Foundation Trust$mSurvey of adult inpatients. Heart Of England NHS Foundation Trust$r78000
=LAS  \\$a3072$b40$c20201005$lBLL01$h1627

