=LDR  02922cas a2200625 a 4500
=001  016101090
=003  Uk
=005  20211110105806.0
=006  m\\\\\\\\d\|\\\\\\
=007  cr||||||||||||
=008  120609d20092017enkar\\\os\\\o0\\\a0eng\\
=FMT  \\$a  SE
=015  \\$aGBB256047$2bnb
=040  \\$aUk$beng$cUk$dUk
=042  \\$aukblsr
=082  04$a362.110942732021$223
=245  00$aSurvey of adult inpatients in the NHS.$pSalford Royal NHS Foundation Trust$h[electronic resource] /$cCare Quality Commission.
=246  3\$aSurvey of adult inpatients in the National Health Service.$pSalford Royal NHS Foundation Trust
=246  1\$iMinor title change:$aSurvey of adult inpatients.$pSalford Royal NHS Foundation Trust$f2011-
=260  \\$a[London?] :$bCare Quality Commission,$c2009-2017.
=310  \\$aAnnual
=336  \\$atext$2rdacontent
=337  \\$acomputer$2rdamedia
=338  \\$aonline resource$2rdacarrier
=362  0\$a2009-2017.
=490  0\$aPatient survey report
=538  \\$aMode of access: World Wide Web.
=538  \\$aSystem requirements: Adobe Acrobat Reader.
=500  \\$aTitle from PDF cover (National Archives snapshot, taken on 04/05/2011).
=550  \\$aPrepared for the NHS Patient Survey Programme.
=588  \\$aLatest issue consulted: 2017 (NHS Surveys, viewed November 10, 2021).
=610  20$aSalford Royal NHS Foundation Trust$xEvaluation$vPeriodicals.
=650  \0$aPatient satisfaction$zEngland$zSalford (Greater Manchester)$vStatistics$vPeriodicals.
=650  \0$aMedical care surveys$zEngland$zSalford (Greater Manchester)$vPeriodicals.
=650  \0$aHospital care$zEngland$zSalford (Greater Manchester)$xEvaluation$vStatistics$vPeriodicals.
=690  7\$aSocial Welfare$2blcoll
=710  1\$aGreat Britain.$bCare Quality Commission.
=710  2\$aNHS Patient Survey Programme.
=780  00$tInpatient survey. Salford (Greater Manchester)
=785  00$tAdult inpatient survey. Salford Royal NHS Foundation Trust
=856  4\$uhttp://webarchive.nationalarchives.gov.uk/*/http://www.cqc.org.uk/$zFollow links to resource
=856  4\$uhttp://www.nhssurveys.org/surveys/425$zFollow links to resource
=859  \\$aELD$bejournal
=CAT  \\$a5997$b40$c20120609$lBLL01$h0607
=CAT  \\$a6790$b40$c20130624$lBLL01$h1331
=CAT  \\$aBATCH-SWP$c20130629$lBLL01$h0025
=CAT  \\$aWR13.114$c20130717$lBLL01$h1315
=CAT  \\$aWR14_072$c20140608$lBLL01$h1430
=CAT  \\$aWR15_120$c20150910$lBLL01$h1827
=CAT  \\$aW1711-1005$c20171206$lBLL01$h1824
=CAT  \\$a8124$b40$c20211110$lBLL01$h1058
=FIN  \\$aY$d20120609
=LET  \0$aSurvey of adult inpatients. Salford Royal NHS Foundation Trust (Electronic)
=LKR  \\$aPAR$b016100994$lBLL01$nInpatient survey. Salford Royal NHS Foundation Trust$mSurvey of adult inpatients in the NHS. Salford Royal NHS Foundation Trust$r78000
=LAS  \\$a8124$b40$c20211110$lBLL01$h1058

