=LDR  03036cas a2200649 a 4500
=001  016104332
=003  Uk
=005  20211110154813.0
=006  m\\\\\\\\d\|\\\\\\
=007  cr||||||||||||
=008  120614d20092017enkar\\\os\\\o0\\\a0eng\\
=FMT  \\$a  SE
=015  \\$aGBB258071$2bnb
=040  \\$aUk$beng$cUk$dUk
=042  \\$aukblsr
=082  04$a362.110942552021$223
=245  00$aSurvey of adult inpatients in the NHS.$pKettering General Hospital NHS Foundation Trust$h[electronic resource] /$cCare Quality Commission.
=246  3\$aSurvey of adult inpatients in the National Health Service.$pKettering General Hospital NHS Foundation Trust
=246  1\$iMinor title change:$aSurvey of adult inpatients.$pKettering General Hospital NHS Foundation Trust,$f2011-
=260  \\$a[London?] :$bCare Quality Commission
=310  \\$aAnnual
=336  \\$atext$2rdacontent
=337  \\$acomputer$2rdamedia
=338  \\$aonline resource$2rdacarrier
=362  0\$a2009-2017.
=490  0\$aPatient survey report
=538  \\$aMode of access: World Wide Web.
=538  \\$aSystem requirements: Adobe Acrobat Reader.
=500  \\$aTitle from PDF cover (National Archives snapshot, taken on 11/11/2011).
=550  \\$aPrepared for the NHS Patient Survey Programme.
=588  \\$aLatest issue consulted: 2017 (NHS Surveys, viewed Novemer 10, 2021).
=610  20$aKettering General Hospital NHS Foundation Trust$xEvaluation$vPeriodicals.
=650  \0$aPatient satisfaction$zEngland$zKettering$vStatistics$vPeriodicals.
=650  \0$aMedical care surveys$zEngland$zKettering$vPeriodicals.
=650  \0$aHospital care$zEngland$zKettering$xEvaluation$vStatistics$vPeriodicals.
=690  7\$aSocial Welfare$2blcoll
=710  1\$aGreat Britain.$bCare Quality Commission.
=710  2\$aNHS Patient Survey Programme.
=780  00$tInpatient survey. Kettering General Hospital NHS Trust
=785  00$tAdult inpatient survey. Kettering General Hospital NHS Foundation Trust
=856  4\$uhttp://webarchive.nationalarchives.gov.uk/*/http://www.cqc.org.uk/$zFollow links to resource
=856  4\$uhttp://www.nhssurveys.org/surveys/425$zFollow links to resource
=859  \\$aELD$bejournal
=985  \\$a610 not in BLL10
=CAT  \\$a8201E$b40$c20120614$lBLL01$h1035
=CAT  \\$a8201E$b40$c20120614$lBLL01$h1037
=CAT  \\$a6790$b40$c20130624$lBLL01$h1608
=CAT  \\$aBATCH-SWP$c20130629$lBLL01$h0025
=CAT  \\$aWR13.114$c20130717$lBLL01$h1315
=CAT  \\$aWR14_072$c20140608$lBLL01$h1430
=CAT  \\$aWR15_120$c20150910$lBLL01$h1827
=CAT  \\$aW1711-1005$c20171206$lBLL01$h1824
=CAT  \\$a3072$b40$c20211110$lBLL01$h1548
=FIN  \\$aY$d20120614
=LET  \0$aSurvey of adult inpatients. Kettering General Hospital NHS Foundation Trust (Electronic)
=LKR  \\$aPAR$b016104327$lBLL01$nInpatient survey. Kettering General Hospital NHS Trust$mSurvey of adult inpatients in the NHS. Kettering General Hospital NHS Foundation Trust$r78000
=LAS  \\$a3072$b40$c20211110$lBLL01$h1548

