=LDR  01917 as a2200505 a 4500
=001  016108029
=003  Uk
=005  20210122105018.0
=006  m\\\\\\\\d\|\\\\\\
=007  cr||||||||||||
=008  120620d200u2011enkar\\\os\\\o0\\\a0eng\\
=FMT  \\$a  SE
=015  \\$aGBB260587$2bnb
=040  \\$aUk$beng$cUk$dUk
=042  \\$aukblsr
=082  04$a370.710941021$223
=245  00$aResults of the newly qualified teacher survey$h[electronic resource].
=260  \\$aLondon :$bTraining and Development Agency
=310  \\$aAnnual
=336  \\$atext$2rdacontent
=337  \\$acomputer$2rdamedia
=338  \\$aonline resource$2rdacarrier
=362  0\$a-2011.
=538  \\$aMode of access: World Wide Web.
=538  \\$aSystem requirements: Adobe Acrobat Reader.
=588  \\$aDescription based on: 2006 issue; title from PDF caption (publisher's Web site viewed June 20, 2012).
=588  \\$aLatest issue consulted: 2011 issue (viewed June 20, 2012).
=650  \0$aFirst year teachers$xIn-service training$zGreat Britain$vSatistics$vPeriodicals.
=710  1\$aGreat Britain.$bTraining and Development Agency for Schools.
=785  00$tAnnual survey of newly qualified teachers
=856  4\$uhttp://www.education.gov.uk/get-into-teaching$zTo search
=859  \\$aELD$bejournal
=CAT  \\$a5997$b40$c20120620$lBLL01$h0900
=CAT  \\$a5997$b40$c20120620$lBLL01$h0906
=CAT  \\$a5997$b40$c20120620$lBLL01$h0911
=CAT  \\$a5997$b40$c20120620$lBLL01$h0912
=CAT  \\$a10983$b40$c20140902$lBLL01$h1134
=CAT  \\$a3072$b40$c20141218$lBLL01$h1322
=CAT  \\$a3072$b40$c20141218$lBLL01$h1323
=CAT  \\$aW1711-1225$c20171203$lBLL01$h1048
=CAT  \\$aW1711-1005$c20171206$lBLL01$h1824
=CAT  \\$a6490$b40$c20210122$lBLL01$h1050
=FIN  \\$aY$d20120620
=LET  \0$aResults of the newly qualified teacher survey (Electronic)
=LAS  \\$a6490$b40$c20210122$lBLL01$h1050

