=LDR  03143 as a2200637 a 4500
=001  016119694
=003  Uk
=005  20190717134153.0
=006  m\\\\\\\\d\|\\\\\\
=007  cr||||||||||||
=008  120705d20102017enkar\\\os\\\o0\\\a0eng\\
=FMT  \\$a  SE
=015  \\$aGBB266113$2bnb
=040  \\$aUk$beng$cUk$dUk
=042  \\$aukblsr
=082  04$a362.1109427021$223
=245  00$aSurvey of adult inpatients in the NHS.$pUniversity Hospitals of Morecambe Bay NHS Foundation Trust$h[electronic resource] /$cCare Quality Commission.
=246  3\$aSurvey of adult inpatients in the National Health Service.$pUniversity Hospitals of Morecambe Bay NHS Foundation Trust
=246  1\$iMinor title change:$aSurvey of adult inpatients.$pUniversity Hospitals of Morecambe Bay NHS Foundation Trust,$f2011-2017
=260  \\$a[London?] :$bCare Quality Commission,$c2010-2017.
=300  \\$a8 v. :$bcol. ill.
=310  \\$aAnnual
=336  \\$atext$2rdacontent
=337  \\$acomputer$2rdamedia
=338  \\$aonline resource$2rdacarrier
=362  0\$a2010-2017.
=490  0\$aPatient survey report
=538  \\$aMode of access: World Wide Web.
=538  \\$aSystem requirements: Adobe Acrobat Reader.
=500  \\$aTitle from PDF cover (National Archives snapshot, taken on 11/11/2011).
=550  \\$aPrepared for the NHS Patient Survey Programme.
=588  \\$aLatest issue consulted: 2011 (NHS Surveys, viewed July 5, 2012).
=610  20$aUniversity Hospitals of Morecambe Bay NHS Foundation Trust$xEvaluation$vPeriodicals.
=650  \0$aPatient satisfaction$zEngland, North West$vStatistics$vPeriodicals.
=650  \0$aMedical care surveys$zEngland, North West$vPeriodicals.
=650  \0$aHospital care$zEngland, North West$xEvaluation$vStatistics$vPeriodicals.
=690  7\$aSocial Welfare$2blcoll
=710  1\$aGreat Britain.$bCare Quality Commission.
=710  2\$aNHS Patient Survey Programme.
=780  00$tSurvey of adult inpatients in the NHS. University Hospitals of Morecambe Bay NHS Trust
=785  00$tAdult inpatient survey. University Hospitals of Morecambe Bay NHS Foundation Trust
=856  4\$uhttp://webarchive.nationalarchives.gov.uk/*/http://www.cqc.org.uk/$zFollow links to resource
=856  4\$uhttp://www.nhssurveys.org/surveys/425$zFollow links to resource
=859  \\$aELD$bejournal
=CAT  \\$a8201E$b40$c20120705$lBLL01$h1217
=CAT  \\$a6790$b40$c20130627$lBLL01$h1044
=CAT  \\$aBATCH-SWP$c20130706$lBLL01$h0056
=CAT  \\$aWR13.114$c20130717$lBLL01$h1315
=CAT  \\$aWR14_072$c20140608$lBLL01$h1430
=CAT  \\$aWR15_120$c20150910$lBLL01$h1827
=CAT  \\$aW1711-1005$c20171206$lBLL01$h1824
=CAT  \\$a8124$b40$c20190717$lBLL01$h1341
=FIN  \\$aY$d20120705
=LET  \0$aSurvey of adult inpatients. University Hospitals of Morecambe Bay NHS Foundation Trust (Electronic)
=LKR  \\$aPAR$b016119693$lBLL01$nSurvey of adult inpatients in the NHS. University Hospitals of Morecambe Bay NHS Trust$mSurvey of adult inpatients in the NHS. University Hospitals of Morecambe Bay NHS Foundation Trust$r78000
=LAS  \\$a8124$b40$c20190717$lBLL01$h1341

