=LDR  03772 as a2200721 a 4500
=001  016119805
=003  Uk
=005  20210121092534.0
=006  m\\\\\\\\d\|\\\\\\
=007  cr||||||||||||
=008  120705d20092011enkar\\\os\\\o0\\\a0eng\\
=FMT  \\$a  SE
=015  \\$aGBB266134$2bnb
=040  \\$aUk$beng$cUk$dUk
=042  \\$aukblsr
=082  04$a362.110942176021$223
=245  00$aSurvey of adult inpatients in the NHS.$pNewham University Hospital NHS Trust$h[electronic resource] /$cCare Quality Commission.
=246  3\$aSurvey of adult inpatients in the National Health Service.$pNewham University Hospital NHS Trust
=246  1\$iMinor title change:$aSurvey of adult inpatients.$pNewham University Hospital NHS Trust,$f2011
=260  \\$a[London?] :$bCare Quality Commission,$c2009-2011
=310  \\$aAnnual
=336  \\$atext$2rdacontent
=337  \\$acomputer$2rdamedia
=338  \\$aonline resource$2rdacarrier
=362  0\$a2009-2011.
=490  0\$aPatient survey report
=538  \\$aMode of access: World Wide Web.
=538  \\$aSystem requirements: Adobe Acrobat Reader.
=500  \\$aTitle from PDF cover (National Archives snapshot, taken on 11/11/2011).
=550  \\$aPrepared for the NHS Patient Survey Programme.
=580  \\$aMerged with: Survey of adult inpatients in the National Health Service. Whipps Cross University Hospital NHS Trust, and: Survey of adult inpatients in the NHS. Barts and the London NHS Trust, to form: Survey of adult inpatients. Barts Health NHS Trust.
=588  \\$aLatest issue consulted: 2011 (NHS Surveys, viewed July 5, 2012).
=610  20$aNewham University Hospital NHS Trust$xEvaluation$vPeriodicals.
=650  \0$aPatient satisfaction$zEngland$zNewham (London)$vStatistics$vPeriodicals.
=650  \0$aMedical care surveys$zEngland$zLondon$vPeriodicals.
=650  \0$aHospital care$zEngland$zLondon$xEvaluation$vStatistics$vPeriodicals.
=651  \0$aNewham (London, England)$vPeriodicals.
=690  7\$aSocial Welfare$2blcoll
=710  1\$aGreat Britain.$bCare Quality Commission.
=710  2\$aNHS Patient Survey Programme.
=780  00$tInpatient survey. Newham University Hospital NHS Trust
=785  17$tSurvey of adult inpatients in the National Health Service. Barts and the London NHS Trust
=785  17$tSurvey of adult inpatients in the National Health Service. Whipps Cross University Hospital NHS Trust
=785  17$tSurvey of adult inpatients. Barts Health NHS Trust
=856  4\$uhttp://webarchive.nationalarchives.gov.uk/*/http://www.cqc.org.uk/$zFollow links to resource
=856  4\$uhttp://www.nhssurveys.org/surveys/425$zFollow links to resource
=859  \\$aELD$bejournal
=CAT  \\$a8201E$b40$c20120705$lBLL01$h1435
=CAT  \\$a8201E$b40$c20120712$lBLL01$h1212
=CAT  \\$a6790$b40$c20130628$lBLL01$h0855
=CAT  \\$aBATCH-SWP$c20130706$lBLL01$h0056
=CAT  \\$aWR13.114$c20130717$lBLL01$h1315
=CAT  \\$aWR14_072$c20140608$lBLL01$h1430
=CAT  \\$a8201$b40$c20141020$lBLL01$h1119
=CAT  \\$aW1711-1005$c20171206$lBLL01$h1824
=CAT  \\$a8124$b40$c20191030$lBLL01$h0858
=CAT  \\$a8124$b40$c20191031$lBLL01$h1516
=CAT  \\$a6490$b40$c20210121$lBLL01$h0925
=FIN  \\$aY$d20120705
=LET  \0$aSurvey of adult inpatients. Newham University Hospital NHS Trust (Electronic)
=LKR  \\$aPAR$b016119802$lBLL01$nInpatient survey. Newham University Hospital NHS Trust$mSurvey of adult inpatients in the NHS. Newham University Hospital NHS Trust$r78000
=LKR  \\$aPAR$b016124067$lBLL01$nSurvey of adult inpatients in the NHS. Whipps Cross University Hospital NHS Trust$mSurvey of adult inpatients in the NHS. Newham University Hospital NHS Trust$r78517
=LAS  \\$a6490$b40$c20210121$lBLL01$h0925

