=LDR  03398 as a2200685 a 4500
=001  016123477
=003  Uk
=005  20190723083817.0
=006  m\\\\\\\\d\|\\\\\\
=007  cr||||||||||||
=008  120711d20102017enkar\\\os\\\o0\\\a0eng\\
=FMT  \\$a  SE
=015  \\$aGBB268415$2bnb
=040  \\$aUk$beng$cUk$dUk
=042  \\$aukblsr
=082  04$a362.110942765021$223
=245  00$aSurvey of adult inpatients in the NHS.$pBlackpool Teaching Hospitals NHS Foundation Trust$h[electronic resource] /$cCare Quality Commission.
=246  3\$aSurvey of adult inpatients in the National Health Service.$pBlackpool Teaching Hospitals NHS Foundation Trust
=246  1\$iMinor title change:$aSurvey of adult inpatients.$pBlackpool Teaching Hospitals NHS Foundation Trust$f2011-
=260  \\$a[London?] :$bCare Quality Commission,$c2010-2017.
=310  \\$aAnnual
=336  \\$atext$2rdacontent
=337  \\$acomputer$2rdamedia
=338  \\$aonline resource$2rdacarrier
=362  0\$a2010-2017.
=490  0\$aPatient survey report
=538  \\$aMode of access: World Wide Web.
=538  \\$aSystem requirements: Adobe Acrobat Reader.
=500  \\$aTitle from PDF cover (National Archives snapshot, taken on 04/05/2011).
=610  20$aBlackpool Teaching Hospitals NHS Foundation Trust$xEvaluation$vPeriodicals.
=650  \0$aPatient satisfaction$zEngland$zBlackpool$vStatistics$vPeriodicals.
=650  \0$aMedical care surveys$zEngland$zBlackpool$vPeriodicals.
=650  \0$aHospital care$zEngland$zBlackpool$xEvaluation$vStatistics$vPeriodicals.
=650  \0$aPatient satisfaction$zEngland$zFylde$vStatistics$vPeriodicals.
=650  \0$aMedical care surveys$zEngland$zFylde$vPeriodicals.
=650  \0$aHospital care$zEngland$zFylde$xEvaluation$vStatistics$vPeriodicals.
=650  \0$aPatient satisfaction$zEngland$zWyre$vStatistics$vPeriodicals.
=650  \0$aMedical care surveys$zEngland$zWyre$vPeriodicals.
=650  \0$aHospital care$zEngland$zWyre$xEvaluation$vStatistics$vPeriodicals.
=690  7\$aSocial Welfare$2blcoll
=710  1\$aGreat Britain.$bCare Quality Commission.
=780  00$tSurvey of adult inpatients in the NHS. Blackpool, Fylde and Wyre Hospitals NHS Foundation Trust
=785  00$tAdult inpatient survey. Blackpool Teaching Hospitals NHS Foundation Trust
=856  4\$uhttp://www.nhssurveys.org/surveys$zFollow links to current report
=856  4\$uhttp://webarchive.nationalarchives.gov.uk/*/http://www.cqc.org.uk/$zFollow links to resource
=859  \\$aELD$bejournal
=CAT  \\$a3072$b40$c20120711$lBLL01$h1106
=CAT  \\$a3072$b40$c20120711$lBLL01$h1116
=CAT  \\$a7332$b40$c20120711$lBLL01$h1352
=CAT  \\$a6790$b40$c20130627$lBLL01$h1335
=CAT  \\$aBATCH-SWP$c20130706$lBLL01$h0056
=CAT  \\$aWR13.114$c20130717$lBLL01$h1315
=CAT  \\$aWR14_072$c20140608$lBLL01$h1430
=CAT  \\$aWR15_120$c20150910$lBLL01$h1827
=CAT  \\$aW1711-1005$c20171206$lBLL01$h1824
=CAT  \\$a8124$b40$c20190723$lBLL01$h0838
=FIN  \\$aY$d20120711
=LET  \0$aSurvey of adult inpatients. Blackpool Teaching Hospitals NHS Foundation Trust
=LKR  \\$aPAR$b016123433$lBLL01$nSurvey of adult inpatients in the NHS. Blackpool, Fylde and Wyre Hospitals NHS Foundation Trust$mSurvey of adult inpatients. Blackpool Teaching Hospitals NHS Foundation Trust$r78000
=LAS  \\$a8124$b40$c20190723$lBLL01$h0838

