=LDR  02416cas a2200577 a 4500
=001  016128633
=003  Uk
=005  20221102154014.0
=006  m\\\\\\\\d\|\\\\\\
=007  cr||||||||||||
=008  120719d2009201uenkar\\\o\\\\\0\\\a0eng\\
=FMT  \\$a  SE
=015  \\$aGBB271395$2bnb
=040  \\$aUk$beng$cUk$dUk
=042  \\$aukblsr
=082  04$a378.106$223
=245  00$aFinancial health of the higher education sector.$p... Financial results and ... forecasts$h[electronic resource].
=246  1\$iMinor title change:$aFinancial health of the higher education sector. Financial results and TRAC outcomes$f2013/14-2014/15
=246  1\$iMinor title change:$aFinancial health of the higher education sector. Financial results$f2015/16-
=260  \\$a[Bristol] :$bHEFCE,$c2011-
=310  \\$aAnnual
=336  \\$atext$2rdacontent
=337  \\$acomputer$2rdamedia
=338  \\$aonline resource$2rdacarrier
=362  0\$a2009/10 and 2010/11-
=490  1\$aIssues paper
=538  \\$aMode of access: World Wide Web.
=538  \\$aSystem requirements: Adobe Acrobat Reader.
=588  \\$aTitle from PDF title page (publisher's Web site, viewed July 19, 2012).
=588  \\$aLatest issue consulted: 2015/16 (viewed April 5, 2017).
=650  \0$aEducation, Higher$zEngland$xFinance$vPeriodicals.
=650  \0$aUniversities and colleges$zEngland$xFinance$vPeriodicals.
=710  2\$aHigher Education Funding Council for England.
=785  01$tFinancial health of the higher education sector. Forecasts
=830  \0$aIssues paper (Higher Education Funding Council for England)
=856  4\$uhttp://www.hefce.ac.uk/pubs/$zTo search
=859  \\$aELD$bejournal
=985  \\$aCeased in 2018? HEFCE was replaced by UK Research and Innovation (ED).
=CAT  \\$a8201E$b40$c20120719$lBLL01$h1241
=CAT  \\$a8201E$b40$c20120719$lBLL01$h1349
=CAT  \\$a8201E$b40$c20120719$lBLL01$h1409
=CAT  \\$a10983$b40$c20131002$lBLL01$h1414
=CAT  \\$a8201$b40$c20131205$lBLL01$h0953
=CAT  \\$aWR14.047$c20140417$lBLL01$h1646
=CAT  \\$a3072$b40$c20170405$lBLL01$h1227
=CAT  \\$a3072$b40$c20170405$lBLL01$h1228
=CAT  \\$aW1711-1005$c20171205$lBLL01$h2212
=CAT  \\$a8483$b40$c20221102$lBLL01$h1540
=FIN  \\$aY$d20120719
=LET  \0$aFinancial health of the higher education sector. Financial results (electronic)
=LAS  \\$a8483$b40$c20221102$lBLL01$h1540

