=LDR  01580 as a2200445 a 4500
=001  016178569
=003  Uk
=005  20150204084210.0
=006  m\\\\\\\\d\|\\\\\\
=007  cr||||||||||||
=008  120927d2012201uenkuu\\\o\\\\\0\\\a0eng\\
=FMT  \\$a  SE
=015  \\$aGBB297703$2bnb
=040  \\$aUk$beng$cUk$dUk
=042  \\$aukblsr
=082  04$a384$223
=110  2\$aBritish Telecom.
=245  10$aBetter future report.$pExecutive summary$h[electronic resource].
=246  30$aExecutive summary
=260  \\$a[London :$bBritish Telecom]
=336  \\$atext$2rdacontent
=337  \\$acomputer$2rdamedia
=338  \\$aonline resource$2rdacarrier
=362  0\$a2012-
=538  \\$aMode of access: World Wide Web.
=538  \\$aSystem requirements: Adobe Acrobat Reader.
=500  \\$aTitle from PDF caption (publisher's Web site, viewed Sept. 27, 2012).
=610  20$aBritish Telecom$vPeriodicals.
=650  \0$aTelecommunication$zGreat Britain$vPeriodicals.
=650  \0$aSustainable development$zGreat Britain$vPeriodicals.
=859  \\$aELD$bejournal
=856  4\$uhttp://www.btplc.com/Responsiblebusiness/Ourstory/Sustainabilityreport/index.aspx$zFollow links to resource
=CAT  \\$a8201E$b40$c20120927$lBLL01$h1408
=CAT  \\$a8311$b40$c20131210$lBLL01$h1056
=CAT  \\$a14112$b40$c20140120$lBLL01$h1717
=CAT  \\$a8201$b40$c20150204$lBLL01$h0842
=CAT  \\$aW1711-1005$c20171206$lBLL01$h1824
=FIN  \\$aY$d20120927
=LET  \0$aBetter future report. Executive summary (electronic)
=LAS  \\$aW1711-1005$b00$c20171206$lBLL01$h1824

