=LDR  02049 as a2200505 a 4500
=001  016197420
=003  Uk
=005  20141208100115.0
=006  m\\\\\\\\d\|\\\\\\
=007  cr||||||||||||
=008  121025d20122014enkar\\\o\\\\o0\\\a0eng\\
=FMT  \\$a  SE
=015  \\$aGBB2A8347$2bnb
=040  \\$aUk$beng$cUk
=042  \\$aukblsr
=082  04$a370.711079$223
=245  00$aTraining bursary$h[electronic resource] :$binitial eligibility guidance. Academic year ...
=246  1\$iIssue for 2013/2014 has title:$aTraining bursary guide
=260  \\$a[London] :$bDepartment for Education,$c[2012]-2013.
=336  \\$atext$2rdacontent
=337  \\$acomputer$2rdamedia
=338  \\$aonline resource$2rdacarrier
=362  0\$a2012/13-2013/2014.
=538  \\$aMode of access: World Wide Web.
=538  \\$aSystem requirements: Adobe Acrobat Reader.
=500  \\$aTitle from PDF title page (publisher's Web site, viewed Oct. 25, 2012).
=588  \\$aLatest issue consulted: 2013/2014 version 2, published April 2013 (GOV.UK, viewed December 8, 2014).
=650  \0$aScholarships$zEngland$vPeriodicals.
=650  \0$aTeachers$xTraining of$zEngland$xFinance$vPeriodicals.
=710  1\$aGreat Britain.$bDepartment for Education.$bTeaching Agency.
=710  1\$aGreat Britain.$bNational College for Teaching & Leadership.
=785  00$tInitial teacher training (ITT), training bursary guide
=856  4\$uhttps://www.education.gov.uk/publications/Search/Search$zTo search
=859  \\$aELD$bejournal
=985  \\$aRecord amended for WR# 13/070
=CAT  \\$a8201E$b40$c20121025$lBLL01$h1401
=CAT  \\$a8201E$b40$c20121025$lBLL01$h1410
=CAT  \\$aWR13_070$b00$c20130504$lBLL01$h0340
=CAT  \\$a6790$b40$c20140117$lBLL01$h0839
=CAT  \\$aWR14.047$c20140417$lBLL01$h1646
=CAT  \\$a11316$b40$c20141208$lBLL01$h1001
=CAT  \\$aW1711-1005$c20171206$lBLL01$h1825
=FIN  \\$aY$d20121025
=LET  \0$aTraining bursary: initial eligibility guidance (electronic)
=LAS  \\$aW1711-1005$b00$c20171206$lBLL01$h1825

