=LDR  02026aas a2200505 i 4500
=001  016654102
=003  Uk
=005  20210219070827.0
=006  m\\\\\\\\d\|\\\\\\
=007  cr||||||||||||
=008  140318c20149999enkbr\p\o\\\\\0\\\a0eng\\
=FMT  \\$a  SE
=015  \\$aGBC124960$2bnb
=022  0\$a2055-270X$202
=040  \\$aUk$beng$cUk$dUk$erda
=042  \\$aissnuk$aukblsr
=082  04$a362.10285$223
=222  \4$aThe journal of mHealth$b(Online)
=245  04$aThe journal of mHealth.
=246  3\$aJournal of mobile health
=264  \1$aSkipton :$bSimedics Limited,$c2014-
=300  \\$bllustrations (colour), maps (colour)
=310  \\$aBimonthly
=336  \\$atext$2rdacontent
=337  \\$acomputer$2rdamedia
=338  \\$aonline resource$2rdacarrier
=362  0\$aVolume 1, issue 1 (February 2014)-
=588  \\$aDescription based on print version record.
=515  \\$a1st issue also called: The inaugural edition.
=650  \0$aWireless communication systems in medical care$vPeriodicals.
=776  08$iAlso issued in print as:$tJournal of mHealth$x2055-2696
=856  4\$uhttp://www.simedics.org/$zLink no longer valid
=856  4\$uhttps://thejournalofmhealth.com/$zTo subscribe
=859  \\$aELD$bejournal
=985  \\$aISSN description based on: printouts in folder of first issue, viewed December 15, 2015; GC seems to be a website that also includes issues of the journal - listed under "Archive" but need sub to access. Queried with LDO-e 30/11 but no reply. So, catalogued from print version.
=CAT  \\$a10806$b40$c20140318$lBLL01$h1410
=CAT  \\$a11315$b40$c20151215$lBLL01$h1158
=CAT  \\$a11205$b40$c20160104$lBLL01$h1341
=CAT  \\$a3072$b40$c20210216$lBLL01$h1101
=CAT  \\$a10973$b40$c20210219$lBLL01$h0708
=FIN  \\$aY$d20151215
=LET  \4$aThe journal of mHealth (Electronic)
=LKR  \\$aPAR$b016654090$lBLL01$nJournal of mHealth (Print)$mJournal of mHealth (Online)$r776
=MNI  \\$a2055-2696
=LAS  \\$a10973$b40$c20210219$lBLL01$h0708

