=LDR  02155nas a2200481 i 4500
=001  020655697
=003  Uk
=005  20220622164218.0
=006  m\\\\\|\\d\|\\\\\\
=007  cr\|||||||||||
=008  220622c201u9999enkar\\\o\\\\o0\\\a0eng\\
=FMT  \\$a  SE
=015  \\$aGBC2A8570$2bnb
=040  \\$aUk$beng$cUk$erda
=042  \\$aukblsr
=082  04$a614.5470942021$223
=245  00$aSexually transmitted infections and screening for chlamydia in England, ...
=264  \1$aLondon :$bPublic Health England
=300  \\$billustrations (colour)
=310  \\$aAnnual
=336  \\$atext$2rdacontent
=337  \\$acomputer$2rdamedia
=338  \\$aonline resource$2rdacarrier
=490  0\$32017 & 2018 issue:$aHealth protection report;$vvolume 12, number 20; volume 13, number 19
=500  \\$aFrom 2019 issue has subtitle "the annual official statistics data release (data to end of December ...)".
=500  \\$aAccompanied on web page by associated Excel spreadsheets, Infographic and Slide set.
=588  \\$aDescription based on: 2017 issue (National Archives snapshot).
=588  \\$aLatest issue consulted: 2020 (GOV.UK, viewed June 22, 2022).
=650  \0$aSexually transmitted diseases$zEngland$vStatistics$vPeriodicals.
=650  \0$aSexually transmitted diseases$xEpidemiology$vPeriodicals.
=650  \0$aChlamydia infections$zEngland$vStatistics$vPeriodicals.
=710  2\$aPublic Health England,$eissuing body.
=856  4\$uhttps://www.gov.uk/government/statistics/sexually-transmitted-infections-stis-annual-data-tables$zFollow links to resource for current issue
=859  \\$aELD$bejournal
=985  \\$aSays "First published 17 June 2010" - but not necessarily annual at that point - & maybe not with same title.
=CAT  \\$a3072$b40$c20220622$lBLL01$h1528
=CAT  \\$a3072$b40$c20220622$lBLL01$h1530
=CAT  \\$a3072$b40$c20220622$lBLL01$h1604
=CAT  \\$a3072$b40$c20220622$lBLL01$h1641
=CAT  \\$a3072$b40$c20220622$lBLL01$h1642
=FIN  \\$aY$d20220622
=LET  \0$aSexually transmitted infections and screening for chlamydia in England (Electronic)
=LAS  \\$a3072$b40$c20220622$lBLL01$h1642

