=LDR  01401nas a2200361 i 4500
=001  020675289
=003  Uk
=005  20220712140407.0
=007  cr\|||||||||||
=008  220712c20uu9999nikar\p\\\\\\o0\\\a0eng\\
=FMT  \\$a  SE
=040  \\$aUk$beng$cUk$erda
=042  \\$aukblsr
=082  04$a353.5309416$223
=110  2\$aEquality Commission for Northern Ireland,$eauthor.
=245  10$aAnnual review /$cEquality Commission for Northern Ireland.
=264  \1$aBelfast :$bEquality Commission for Northern Ireland
=300  \\$billustrations (colour)
=310  \\$aAnnual
=336  \\$atext$2rdacontent
=337  \\$acomputer$2rdamedia
=338  \\$aonline resource$2rdacarrier
=588  \\$aDescription based on: 2016/2017 issue; title from PDF cover (Equality Commission for Northern Ireland website, viewed July 12, 2022).
=588  \\$aLatest issue consulted: 2020/2021 issue, viewed July 12, 2022.
=610  20$aEquality Commission for Northern Ireland$vPeriodicals.
=610  20$aEquality Commission for Northern Ireland$vStatistics$vPeriodicals.
=856  4\$uhttps://www.equalityni.org/publications$zTo search
=859  \\$aELD$bejournal
=CAT  \\$a8483$b40$c20220712$lBLL01$h1400
=CAT  \\$a8483$b40$c20220712$lBLL01$h1404
=FIN  \\$aY$d20220712
=LET  \0$aEquality Commission for Northern Ireland annual review (Electronic)
=LAS  \\$a8483$b40$c20220712$lBLL01$h1404

