=LDR  01673nas a2200373 i 4500
=001  020679254
=003  Uk
=005  20220713092906.0
=007  cr\|||||||||||
=008  220713c20uu9999nikar\\\\s\\\o0\\\a0eng\\
=FMT  \\$a  SE
=040  \\$aUk$beng$cUk$erda
=042  \\$aukblsr
=082  04$a331.13309416021$223
=245  00$aCompanies data.$pPublic authorities 26+ employees :$b... monitoring returns.
=246  30$aPublic authorities 26+ employees
=246  1\$iWebsite link title:$aFair employment monitoring report ...$pPublic sector data 26+ employees
=264  \1$a[Belfast] :$bEqualities Commission for Northern Ireland
=310  \\$aAnnual
=336  \\$atext$2rdacontent
=337  \\$acomputer$2rdamedia
=338  \\$aonline resource$2rdacarrier
=588  \\$aDescription based on: 2014; title from PDF cover (NIOPA website, viewed July 13, 2022).
=588  \\$aLatest issue consulted: 2020 (Equalities Commission for Northern Ireland website, viewed July 13, 2022).
=650  \0$aGovernment corporations$zNorthern Ireland$xOfficials and employees$vStatistics$vPeriodicals.
=650  \0$aAdministrative agencies$zNorthern Ireland$xOfficials and employees$vStatistics$vPeriodicals.
=710  2\$aEquality Commission for Northern Ireland,$eissuing body.
=856  4\$uhttps://www.equalityni.org/femonrep31$zFollow links to resource
=856  4\$uhttps://www.equalityni.org/publications$zTo search
=859  \\$aELD$bejournal
=CAT  \\$a8483$b40$c20220713$lBLL01$h0929
=FIN  \\$aY$d20220713
=LET  \0$aFair employment monitoring report. Companies data. Public authorities 26+ employees (Electronic)
=LAS  \\$a8483$b40$c20220713$lBLL01$h0929

