=LDR  01813cas a2200457 i 4500
=001  020679267
=003  Uk
=005  20220721143131.0
=006  m\\\\\|\\d\|\\\\\\
=007  cr\|||||||||||
=008  220713c20169999nikar\\\o\\\\o0\\\a0eng\\
=FMT  \\$a  SE
=015  \\$aGBC2C4860$2bnb
=040  \\$aUk$beng$cUk$erda
=042  \\$aukblsr
=082  04$a305.09416$223
=245  00$aInternational perceptions of Northern Ireland.$pPeople.
=246  30$aPeople
=264  \1$a[Belfast] :$bNorthern Ireland. Executive Office,$c2017-
=300  \\$billustrations (colour), maps (colour).
=310  \\$aAnnual
=336  \\$atext$2rdacontent
=337  \\$acomputer$2rdamedia
=338  \\$aonline resource$2rdacarrier
=362  0\$a2016-
=490  0\$32016:$aAnholt-GFK Roper Nation Brands Index
=490  0\$32017-:$aSix Dimensions of the Nation Brands Index
=588  \\$aTitle from PDF caption (www.executiveoffice-ni.gov.uk, viewed July 13, 2022).
=588  \\$aLatest issue consulted: 2021 (published 16 February 2022) (viewed July 13, 2022).
=651  \0$aNorthern Ireland$xSocial conditions$zPublic opinion$vPeriodicals.
=651  \0$aNorthern Ireland$xSocial conditions$zPublic opinion$vStatistics$vPeriodicals.
=710  1\$aNorthern Ireland.$bExecutive Office,$eissuing body.
=710  2\$aNorthern Ireland Statistics & Research Agency,$eissuing body.
=856  4\$uhttps://www.executiveoffice-ni.gov.uk/topics/statistics-and-research/nation-brands-index$zFollow links to resource
=859  \\$aELD$bejournal
=985  \\$aWFH record (CS) 2022
=CAT  \\$a8124$b40$c20220713$lBLL01$h1013
=CAT  \\$a8124$b40$c20220721$lBLL01$h1431
=FIN  \\$aY$d20220713
=LET  \0$aInternational perceptions of Northern Ireland. People (Electronic)
=LAS  \\$a8124$b40$c20220721$lBLL01$h1431

