=LDR  02067cas a2200505 i 4500
=001  020679273
=003  Uk
=005  20220721142650.0
=006  m\\\\\|\\d\|\\\\\\
=007  cr\|||||||||||
=008  220713c20169999enkar\\\o\s\\\0\\\a0eng\\
=FMT  \\$a  SE
=015  \\$aGBC2C4865$2bnb
=040  \\$aUk$beng$cUk$erda
=042  \\$aukblsr
=082  04$a306.481909416$223
=245  00$aInternational perceptions of Northern Ireland.$pTourism.
=246  30$aTourism
=264  \1$a[Belfast] :$bNorthern Ireland. Executive Office,$c2017-
=300  \\$billustrations (colour), maps (colour).
=310  \\$aAnnual
=336  \\$atext$2rdacontent
=337  \\$acomputer$2rdamedia
=338  \\$aonline resource$2rdacarrier
=362  0\$a2016-
=490  0\$32016:$aAnholt-GFK Roper Nation Brands Index
=490  0\$32017-:$aSix Dimensions of the Nation Brands Index
=588  \\$aTitle from PDF caption (www.executiveoffice-ni.gov.uk, viewed July 13, 2022).
=588  \\$aLatest issue consulted: 2021 (published 16 February 2022) (viewed July 13, 2022).
=651  \0$aNorthern Ireland$xPublic opinion$vPeriodicals.
=651  \0$aNorthern Ireland$xPublic opinion$vStatistics$vPeriodicals.
=650  \0$aTourism$zNorthern Ireland$xPublic Opinion$vStatistics$vPeriodicals.
=650  \0$aTravel$zNorthern Ireland$xPublic Opinion$vPeriodicals.
=650  \0$aTravel$zNorthern Ireland$xPublic Opinion$vStatistics$vPeriodicals.
=710  1\$aNorthern Ireland.$bExecutive Office,$eissuing body.
=710  2\$aNorthern Ireland Statistics & Research Agency,$eissuing body.
=856  4\$uhttps://www.executiveoffice-ni.gov.uk/topics/statistics-and-research/nation-brands-index$zFollow links to resource
=859  \\$aELD$bejournal
=985  \\$aWFH record (CS) 2022
=CAT  \\$a8124$b40$c20220713$lBLL01$h1027
=CAT  \\$a8124$b40$c20220714$lBLL01$h1305
=CAT  \\$a8124$b40$c20220721$lBLL01$h1426
=FIN  \\$aY$d20220713
=LET  \0$aInternational perceptions of Northern Ireland.Tourism (Electronic)
=LAS  \\$a8124$b40$c20220721$lBLL01$h1426

