=LDR  01275nas a2200349 i 4500
=001  020680102
=003  Uk
=005  20220714130046.0
=007  cr\|||||||||||
=008  220714c201u9999nik\x\\\\\\\\\0\\\a0eng\\
=FMT  \\$a  SE
=040  \\$aUk$beng$cUk$erda
=042  \\$aukblsr
=082  04$a338.709416$223
=110  2\$aMaze Long Kesh Development Corporation.
=245  10$aMaze Long Kesh Development Corporation business plan.
=246  30$aBusiness plan
=264  \1$a[Lisburn] :$b[Maze Long Kesh Development Corporation]
=300  \\$billustrations (colour)
=336  \\$atext$2rdacontent
=337  \\$acomputer$2rdamedia
=338  \\$aonline resource$2rdacarrier
=588  \\$aDescription based on: 2014/2015; title from PDF cover (Maze Long Kesh website, viewed July 14, 2022).
=588  \\$aLatest issue consulted: 2020/2021, viewed July 14, 2022.
=610  20$aMaze Long Kesh Development Corporation$xPlanning$vPeriodicals.
=856  4\$uhttp://mazelongkesh.com/publications$zTo search
=859  \\$aELD$bejournal
=CAT  \\$a8483$b40$c20220714$lBLL01$h1257
=CAT  \\$a8483$b40$c20220714$lBLL01$h1300
=FIN  \\$aY$d20220714
=LET  \0$aMaze Long Kesh Development Corporation business plan (Electronic)
=LAS  \\$a8483$b40$c20220714$lBLL01$h1300

