=LDR  02069cas a2200469 i 4500
=001  020681398
=003  Uk
=005  20220802142000.0
=006  m\\\\\|\\d\|\\\\\\
=007  cr\|||||||||||
=008  220718d201u2019enkar\\\o\\\\\0\\\a0eng\\
=FMT  \\$a  SE
=040  \\$aUk$beng$cUk$erda
=042  \\$aukblsr
=082  04$a332.6327$223
=110  2\$aArtemis Global Energy Fund,$eauthor.
=245  10$aManager's report and financial statements :$bfor the year ended 31 July ... /$cArtemis Global Energy Fund.
=264  \1$aLondon :$bArtemis Global Energy Fund,$c-2019.
=300  \\$billustrations (colour)
=310  \\$aAnnual
=336  \\$atext$2rdacontent
=337  \\$acomputer$2rdamedia
=338  \\$aonline resource$2rdacarrier
=362  1\$aCeased in 2019.
=588  \\$aDescription based on: 2016 issue ; title from PDF cover.
=588  \\$aLatest issue consulted: 2017.
=610  20$aArtemis Global Energy Fund$vPeriodicals.
=610  20$aArtemis Global Energy Fund$xFinance$vPeriodicals.
=787  0\$aArtemis Global Energy Fund.$tManager's report and financial statements
=856  4\$uhttps://www.artemisfunds.com/funds-in-focus/welcome?gclsrc=aw.ds&gclid=EAIaIQobChMIo-z_xJGC-QIVxuvtCh05WgJsEAAYASAAEgLO1_D_BwE&gclsrc=aw.ds$zTo search
=859  \\$aELD$bejournal
=985  \\$aViewed as supplied PDFs only
=985  \\$aContinued by TB Guinness Global Energy Fund from 2019
=985  \\$aELD full record to replace print PLC record, not completely equivalent so linked by 787
=985  \\$aWFH record (CS) 2022
=CAT  \\$a8124$b40$c20220718$lBLL01$h1124
=CAT  \\$a8124$b40$c20220718$lBLL01$h1159
=CAT  \\$a8124$b40$c20220802$lBLL01$h1420
=FIN  \\$aY$d20220718
=LET  \0$aManager's report and financial statements - Artemis Global Energy Fund. (Electronic)
=LKR  \\$aPAR$b018056405$lBLL01$r787$mManager's report and financial statements /Artemis Global Energy Fund. (Online)$n[Annual reports, financial reports, etc.] / Artemis Global Energy Fund. (Print)
=LAS  \\$a8124$b40$c20220802$lBLL01$h1420

