=LDR  02617cas a2200493 i 4500
=001  020681605
=003  Uk
=005  20230125095326.0
=006  m\\\\\|\\d\|\\\\\\
=007  cr\|||||||||||
=008  220718c20uu9999enkqr\\\o\s\\o0\\\a0eng\\
=FMT  \\$a  SE
=015  \\$aGBC2C5422$2bnb
=040  \\$aUk$beng$cUk$erda
=042  \\$aukblsr
=082  04$a614.5$223
=245  00$aQuarterly epidemiological commentary :$bmandatory MRSA, MSSA and E. coli bacteraemia, and C. difficile infection data.
=246  30$aMandatory MRSA, MSSA and E. coli bacteraemia, and C. difficile infection data.
=246  1\$iSubtitle change:$aMandatory MRSA, MSSA, Gram-negative bacteraemias and C. difficile infection data$f<up to October to December 2017>)
=246  1\$iSubtitle change:$aMandatory MRSA, MSSA, Gram-negative bacteraemias and C. difficile infections data$f(<up to January to March 2021>).
=246  1\$iAt head of Web page:$aPHE MRSA, MSSA, gram-negative bacteraemia and CDI: quarterly report
=264  \1$aLondon :$bPublic Health England
=310  \\$aQuarterly
=336  \\$atext$2rdacontent
=337  \\$acomputer$2rdamedia
=338  \\$aonline resource$2rdacarrier
=500  \\$aAccompanied on Web page by associated quarterly documents, including PDF infographic, Summary information and Excel spreadsheets.
=500  \\$aAn "Annual epidemiological commentary: ..." is also issued.
=588  \\$aDescription based on: April/June 2013 issue; title from PDF cover (National Archives, viewed July 18, 2022).
=588  \\$aLatest issue consulted: January to March 2021 (GOV.UK, viewed July 18, 2022).
=650  \0$aNosocomial infections$vStatistics$zEngland$vPeriodicals.
=710  2\$aPublic Health England,$eissuing body.
=787  0\$tAnnual epidemiological commentary
=856  4\$uhttps://www.gov.uk/government/statistics/mrsa-mssa-and-e-coli-bacteraemia-and-c-difficile-infection-quarterly-epidemiological-commentary$zFollow links to resource
=859  \\$aELD$bejournal
=985  \\$aAnnual one at: https://www.gov.uk/government/statistics/mrsa-mssa-and-e-coli-bacteraemia-and-c-difficile-infection-annual-epidemiological-commentary.
=CAT  \\$a3072$b40$c20220718$lBLL01$h1658
=CAT  \\$a3072$b40$c20220719$lBLL01$h0956
=CAT  \\$a3072$b40$c20220719$lBLL01$h0959
=CAT  \\$a3072$b40$c20220720$lBLL01$h1441
=CAT  \\$a8250$b40$c20230125$lBLL01$h0953
=FIN  \\$aY$d20220719
=LET  \0$aQuarterly epidemiological commentary : Mandatory MRSA MSSA, Gram-negative bacteraemias and C. difficile infections data (Electronic)
=LAS  \\$a8250$b40$c20230125$lBLL01$h0953

