=LDR  02622cas a2200589 i 4500
=001  020681758
=003  Uk
=005  20220721150443.0
=006  m\\\\\|\\d\|\\\\\\
=007  cr\|||||||||||
=008  220719c200u9999nikar\\\o\s\\o0\\\a0eng\\
=FMT  \\$a  SE
=015  \\$aGBC2C5409$2bnb
=040  \\$aUk$beng$cUk$dUk$erda
=042  \\$aukblsr
=082  04$a331.588009416$223
=245  00$aLabour Force Survey religion report.
=264  \1$a[Belfast] :$bOffice of the First Minister & Deputy First Minister
=264  31$32015-$a[Belfast] :$bExecutive Office
=300  \\$billustrations (colour)
=310  \\$aAnnual
=336  \\$atext$2rdacontent
=337  \\$acomputer$2rdamedia
=338  \\$aonline resource$2rdacarrier
=500  \\$a"A National Statistics publication".
=500  \\$aAccompanied on website by associated PDFs, ODS and Excel tables.
=588  \\$aDescription based on: 2011 issue ; title from PDF cover (executiveoffice-ni.gov.uk/, viewed July 19, 2022).
=588  \\$aLatest issue consulted: 2017 annual update (published January 2019) (viewed July 19, 2022).
=650  \0$aLabor supply$zNorthern ireland$xReligious aspects$vPeriodicals.
=650  \0$aLabor supply$zNorthern Ireland$xReligious aspects$vStatistics$vPeriodicals.
=710  1\$32015-:$aNorthern Ireland.$bExecutive Office.$eissuing body.
=710  1\$3-2014:$aNorthern Ireland.$bOffice of the First Minister and Deputy First Minister.$eissuing body.
=710  1\$aGreat Britain.$bOffice for National Statistics,$eissuing body.
=710  2\$aNorthern Ireland Statistics & Research Agency,$eissuing body.
=770  0\$tLabour Force Survey religion report. Local government district bulletin
=770  0\$tSummary quality report for the Labour Force Survey religion report
=856  4\$uhttps://www.executiveoffice-ni.gov.uk/labour-force-survey-religion-reports /$zFollow links to resource
=859  \\$aELD$bejournal
=985  \\$aWFH record (CS) 2022
=985  \\$a710 no. 1 & 2 full stops before {dollar}e are being reinserted at saving
=985  \\$aCeased with 2017 issue?
=CAT  \\$a8124$b40$c20220719$lBLL01$h0914
=CAT  \\$a8124$b40$c20220719$lBLL01$h0914
=CAT  \\$a8124$b40$c20220719$lBLL01$h0915
=CAT  \\$a8124$b40$c20220719$lBLL01$h0916
=CAT  \\$a8124$b40$c20220719$lBLL01$h0918
=CAT  \\$a8124$b40$c20220719$lBLL01$h0947
=CAT  \\$a8124$b40$c20220720$lBLL01$h1121
=CAT  \\$a8124$b40$c20220721$lBLL01$h1504
=FIN  \\$aY$d20220719
=LET  \0$aLabour Force Survey religion report - NI Executive Office (Electronic)
=LAS  \\$a8124$b40$c20220721$lBLL01$h1504

