=LDR  02086nas a2200493 i 4500
=001  020681778
=003  Uk
=005  20220719095652.0
=006  m\\\\\|\\d\|\\\\\\
=007  cr\|||||||||||
=008  220719c20159999nikar\\\o\s\\o0\\\a0eng\\
=FMT  \\$a  SE
=015  \\$aGBC2C5419$2bnb
=040  \\$aUk$beng$cUk$erda
=042  \\$aukblsr
=082  04$a331.588009416$223
=245  00$aLabour Force Survey religion report.$pLocal government district bulletin.
=246  30$aLocal government district bulletin
=264  31$a[Belfast] :$bExecutive Office,$c2015-
=300  \\$billustrations (colour), maps (colour)
=310  \\$aAnnual
=336  \\$atext$2rdacontent
=337  \\$acomputer$2rdamedia
=338  \\$aonline resource$2rdacarrier
=362  0\$a2015-
=500  \\$aAccompanied on website by associated PDFs, ODS and Excel tables.
=500  \\$aTitle from PDF caption (executiveoffice-ni.gov.uk/, viewed July 19, 2022).
=588  \\$aLatest issue consulted: 2017 (published February 2019) (viewed July 19, 2022).
=650  \0$aLabor supply$zNorthern ireland$xReligious aspects$vPeriodicals.
=650  \0$aLabor supply$zNorthern Ireland$xReligious aspects$vStatistics$vPeriodicals.
=710  1\$aNorthern Ireland.$bExecutive Office,$eissuing body.
=710  2\$aNorthern Ireland Statistics & Research Agency,$eissuing body.
=772  0\$tLabour Force Survey religion report
=856  4\$uhttps://www.executiveoffice-ni.gov.uk/labour-force-survey-religion-reports$zFollow links to resource
=859  \\$aELD$bejournal
=985  \\$aCeased with 2017 issue?
=985  \\$aWFH record (CS) 2022
=CAT  \\$a8124$b40$c20220719$lBLL01$h0948
=CAT  \\$a8124$b40$c20220719$lBLL01$h0952
=CAT  \\$a8124$b40$c20220719$lBLL01$h0956
=FIN  \\$aY$d20220719
=LET  \0$aLabour Force Survey religion report. Local government district bulletin (Electronic)
=LKR  \\$aPAR$b020681758$lBLL01$r772$mLabour Force Survey religion report. Local government district bulletin$nLabour Force Survey religion report
=LAS  \\$a8124$b40$c20220719$lBLL01$h0956

