=LDR  02304cas a2200529 i 4500
=001  020685424
=003  Uk
=005  20220802144442.0
=006  m\\\\\|\\d\|\\\\\\
=007  cr\|||||||||||
=008  220720d200u2020enkar\\\o\\\\\0\\\a0eng\\
=FMT  \\$a  SE
=040  \\$aUk$beng$cUk$dUk$erda
=042  \\$aukblsr
=082  04$a332.6327$223
=110  2\$aArtemis European Growth Fund,$eauthor.
=245  10$aManager's report and financial statements :$bfor the year ended 31 March ... /$cArtemis European Growth Fund.
=246  13$aManager's report and financial statement
=264  \1$aLondon :$bArtemis Fund Managers Limited,$c-[2020].
=300  \\$billustrations (colour)
=310  \\$aAnnual
=336  \\$atext$2rdacontent
=337  \\$acomputer$2rdamedia
=338  \\$aonline resource$2rdacarrier
=362  1\$aCeased in 2020.
=588  \\$aDescription based on: 2017 issue ; title from PDF cover.
=588  \\$aLatest issue consulted: 2018.
=610  20$aArtemis European Growth Fund$vPeriodicals.
=610  20$aArtemis European Growth Fund$xFinance$vPeriodicals.
=710  2\$aArtemis Fund Managers (Firm)
=776  08$iAlso issued in print as:$aArtemis European Growth Fund.$tManager's report and financial statement
=785  00$aArtemis SmartGARP European Equity Fund.$tManager's report and financial statements
=856  4\$uhttps://www.artemisfunds.com/en/gbr/institution$zTo search
=859  \\$aELD$bejournal
=985  \\$a2017 & 2018 viewed as supplied PDFs
=985  \\$aArtemis European Growth Fund continued in Feb 2021 as: Artemis SmartGARP European Equity Fund
=985  \\$aWFH record (CS) 2022
=CAT  \\$a8124$b40$c20220720$lBLL01$h0841
=CAT  \\$a8124$b40$c20220720$lBLL01$h0846
=CAT  \\$a8124$b40$c20220720$lBLL01$h0853
=CAT  \\$a8124$b40$c20220727$lBLL01$h1017
=CAT  \\$a8124$b40$c20220802$lBLL01$h1442
=CAT  \\$a8124$b40$c20220802$lBLL01$h1444
=FIN  \\$aY$d20220720
=LET  \0$aManager's report and financial statements - Artemis European Growth Fund (Electronic)
=LKR  \\$aPAR$b007207220$lBLL01$r776$mManagers report and financial statements / Artemis European Growth Fund (Online)$nManagers report and financial statements / Artemis European Growth Fund (Print)
=LAS  \\$a8124$b40$c20220802$lBLL01$h1444

