=LDR  02237nas a2200481 i 4500
=001  020685525
=003  Uk
=005  20220720123302.0
=006  m\\\\\|\\d\|\\\\\\
=007  cr\|||||||||||
=008  220720c201u9999nikar\\\o\\\\o0\\\a0eng\\
=FMT  \\$a  SE
=015  \\$aGBC2C8865$2bnb
=040  \\$aUk$beng$cUk$erda
=042  \\$aukblsr
=082  04$a331.588009416021$223
=245  00$aSummary quality report for the Labour Force Survey religion report :$bStatistics on religious communities and the labour market in Northern Ireland.
=264  \1$a[Belfast] :$bOffice of the First Minister and Deputy First Minister
=264  31$32015-$a[Belfast] :$bExecutive Office
=310  \\$aAnnual
=336  \\$atext$2rdacontent
=337  \\$acomputer$2rdamedia
=338  \\$aonline resource$2rdacarrier
=500  \\$aSubtitle dropped after <2013> issue.
=588  \\$aDescription based on: April 2013 issue ; title from PDF cover (https://www.executiveoffice-ni.gov.uk/, viewed July 20, 2022).
=588  \\$aLatest issue consulted: 2016 (published May 2018) (viewed July 20, 2022).
=650  \0$aLabor supply$zNorthern Ireland$xReligious aspects$xStatistics$xEvaluation$vPeriodicals.
=710  1\$3-<2013>:$aNorthern Ireland.$bOffice of the First Minister and Deputy First Minister.$eissuing body.
=710  1\$32015-:$aNorthern Ireland.$bExecutive Office.$eissuing body.
=710  2\$aNorthern Ireland Statistics & Research Agency,$eissuing body.
=772  0\$tLabour Force Survey religion report
=856  4\$uhttps://www.executiveoffice-ni.gov.uk/publications/$zTo search
=859  \\$aELD$bejournal
=985  \\$a710 no. 1 & 2 full stops before {dollar}e are being reinserted at saving
=985  \\$aWFH record (CS) 2022
=CAT  \\$a8124$b40$c20220720$lBLL01$h1121
=CAT  \\$a8124$b40$c20220720$lBLL01$h1123
=CAT  \\$a8124$b40$c20220720$lBLL01$h1124
=CAT  \\$a8124$b40$c20220720$lBLL01$h1233
=FIN  \\$aY$d20220720
=LET  \0$aSummary quality report for the Labour Force Survey religion report (Electronic)
=LKR  \\$aPAR$b020681758$lBLL01$r772$mSummary quality report for the Labour Force Survey religion report$nLabour Force Survey religion report.
=LAS  \\$a8124$b40$c20220720$lBLL01$h1233

