=LDR  01974nas a2200397 i 4500
=001  020685726
=003  Uk
=005  20220720144208.0
=006  m\\\\\|\\d\|\\\\\\
=007  cr\|||||||||||
=008  220720c20uu9999enkar\\\o\\\\o0\\\a0eng\\
=FMT  \\$a  SE
=015  \\$aGBC2C8915$2bnb
=040  \\$aUk$beng$cUk$erda
=042  \\$aukblsr
=082  04$a614.5$223
=245  00$aAnnual epidemiological commentary :$bmandatory MRSA, MSSA and E. coli bacteraemia, and C. difficile infection data.
=246  30$aMandatory MRSA, MSSA and E. coli bacteraemia, and C. difficile infection data.
=246  1\$iSubtitle change :$aGram-negative bacteraemia, MRSA bacteraemi, MSSA bacteraemiaand C. difficile infections$f<up to and including financial year April 2017 to March 2018>-
=246  1\$iAt head of Web page:$aMRSA, MSSA and Gram-negative bacteraemia and CDI: annual report
=264  \1$aLondon :$bPublic Health England
=336  \\$atext$2rdacontent
=337  \\$acomputer$2rdamedia
=338  \\$aonline resource$2rdacarrier
=500  \\$aAccompanied on Web page by associated annual documents, including PDF infographic, Summary information and Excel spreadsheets.
=588  \\$aDescription based on: April/June 2013 issue; title from PDF cover (National Archives, viewed July 19, 2022).
=588  \\$aLatest issue consulted: April 2020/March 2021 (GOV.UK, viewed July 19, 2022).
=650  \0$aNosocomial infections$vStatistics$zEngland$vPeriodicals.
=710  2\$aPublic Health England,$eissuing body.
=787  0\$tQuarterly epidemiological commentary
=856  4\$uhttps://www.gov.uk/government/statistics/mrsa-mssa-and-e-coli-bacteraemia-and-c-difficile-infection-annual-epidemiological-commentary$zFollow links to resource
=859  \\$aELD$bejournal
=CAT  \\$a3072$b40$c20220720$lBLL01$h1442
=FIN  \\$aY$d20220720
=LKR  \\$aPAR$b020681605$lBLL01$nQuarterly epidemiological commentary$mAnnual$r787
=LAS  \\$a3072$b40$c20220720$lBLL01$h1442

