=LDR  02204cas a2200505 i 4500
=001  020685727
=003  Uk
=005  20220802145445.0
=006  m\\\\\|\\d\|\\\\\\
=007  cr\|||||||||||
=008  220720d20uu2018nikar\\\o\\\\o0\\\a0eng\\
=FMT  \\$a  SE
=015  \\$aGBC2C8914$2bnb
=040  \\$aUk$beng$cUk$erda
=042  \\$aukblsr
=082  04$a658.82709416$223
=245  04$aThe Anholt GfK-Roper nation brands index ... report for Northern Ireland /$cThe Executive Office.
=246  30$aAnholt GfK-Roper's nation brands index
=246  30$aReport for Northern Ireland
=264  \1$a[Belfast] :$bExecutive Office,$c-2019.
=300  \\$billustrations (colour), maps (colour)
=310  \\$aAnnual
=336  \\$atext$2rdacontent
=337  \\$acomputer$2rdamedia
=338  \\$aonline resource$2rdacarrier
=362  0\$a-2018.
=588  \\$aDescription based on: 2016 (published February 2017) ; title from PDF cover (executiveoffice-ni.gov.uk, viewed July 20, 2022).
=588  \\$aLatest issue consulted: 2018 (published February 2019) (viewed July 20, 2022).
=650  \0$aPlace marketing$zNorthern Ireland$vPeriodicals.
=650  \0$aNational characteristics$xEconomic aspects$zNorthern Ireland$vPeriodicals.
=650  \0$aBranding (Marketing)$zNorthern Ireland$vPeriodicals.
=710  1\$aNorthern Ireland.$bExecutive Office,$eissuing body.
=710  2\$aNorthern Ireland Statistics & Research Agency,$eissuing body.
=785  00$tAnholt Ipsos nation brands index ... report for Northern Ireland
=856  4\$uhttps://www.executiveoffice-ni.gov.uk/topics/statistics-and-research/nation-brands-index$zFollow links to resource
=859  \\$aELD$bejournal
=985  \\$aAnholt GfK-Roper nation brands index Scotland report also exists, published by Scottish govt (mono record)
=985  \\$aWFH record (CS) 2022
=CAT  \\$a8124$b40$c20220720$lBLL01$h1443
=CAT  \\$a8124$b40$c20220720$lBLL01$h1455
=CAT  \\$a8124$b40$c20220721$lBLL01$h1409
=CAT  \\$a8124$b40$c20220802$lBLL01$h1454
=FIN  \\$aY$d20220720
=LET  \4$aThe Anholt GfK-Roper nation brands index ... Report for Northern Ireland (Electronic)
=LAS  \\$a8124$b40$c20220802$lBLL01$h1454

