=LDR  01820nas a2200409 i 4500
=001  020688067
=003  Uk
=005  20220725144629.0
=006  m\\\\\|\\d\|\\\\\\
=007  cr\|||||||||||
=008  220725c201u9999enkar\\\o\\\\\0\\\a0eng\\
=FMT  \\$a  SE
=040  \\$aUk$beng$cUk$erda
=042  \\$aukblsr
=082  04$a332. 6327$223
=110  2\$aArtemis European Opportunities Fund,$eauthor.
=245  10$aManager's report and financial statements :$bfor the year ended 30 April ... /$cArtemis European Opportunities Fund.
=264  \1$aLondon :$bArtemis Fund Managers Limited
=300  \\$billustrations (colour)
=310  \\$aAnnual
=336  \\$atext$2rdacontent
=337  \\$acomputer$2rdamedia
=338  \\$aonline resource$2rdacarrier
=588  \\$aDescription based on: 2017 issue ; title from PDF cover.
=588  \\$aLatest issue consulted: 2018.
=610  20$aArtemis European Opportunities Fund$vPeriodicals.
=610  20$aArtemis European Opportunities Fund$xFinance$vPeriodicals.
=787  0\$aArtemis European Opportunities Fund.$t[Annual reports, financial reports, etc.]
=856  4\$uhttps://www.artemisfunds.com/en/gbr/institution/funds/explorer/artemis-european-sustainable-growth-fund/class-i-accumulation-units-gbp$zTo search
=859  \\$aELD$bejournal
=985  \\$aViewed as supplied PDFs only
=985  \\$aWFH record (CS) 2022
=CAT  \\$a8124$b40$c20220725$lBLL01$h1446
=FIN  \\$aY$d20220725
=LET  \0$aManager's report and financial statements - Artemis European Opportunities Fund (Electronic)
=LKR  \\$aPAR$b018056413$lBLL01$r776$mManager's report and financial statements / Artemis European Opportunities Fund (Online)$n[Annual reports, financial reports, etc.] / Artemis European Opportunities Fund (Print)
=LAS  \\$a8124$b40$c20220725$lBLL01$h1446

