=LDR  01956cas a2200481 i 4500
=001  020688377
=003  Uk
=005  20220822165556.0
=006  m\\\\\|\\d\|\\\\\\
=007  cr\|||||||||||
=008  220726d2uuu2016enkzn\\\o\\\\o0\\\a0eng\\
=FMT  \\$a  SE
=015  \\$aGBC2C9554$2bnb
=040  \\$aUk$beng$cUk$dUk$erda
=042  \\$aukblsr
=082  04$a304.64$223
=245  00$aWeekly all-cause mortality surveillance.
=264  \1$a[London] :$bPublic Health England,$c-2016.
=300  \\$billustrations (colour)
=310  \\$aWeekly: October-May; fortnightly: June-September.
=336  \\$atext$2rdacontent
=337  \\$acomputer$2rdamedia
=338  \\$aonline resource$2rdacarrier
=520  \\$aSurveillance of excess mortality.
=515  \\$aWeekly in the winter season and fortnightly during the summer months.
=588  \\$aDescription based on: 7 November 2013 = week 45 report (up to week 44 data); title from PDF caption (GOV.UK, viewed July 26, 2022).
=588  \\$aLatest issue consulted: 04 August 2016 = week 31 (up to week 29 data) (viewed July 26, 2022).
=650  \0$aMortality$zEngland$vStatistics$vPeriodicals.
=650  \0$aMortality$zWales$vStatistics$vPeriodicals.
=650  \0$aMortality$zScotland$vStatistics$vPeriodicals.
=650  \0$aMortality$zNorthern Ireland$vStatistics$vPeriodicals.
=710  2\$aPublic Health England,$eissuing body.
=785  00$tAll-cause mortality surveillance
=856  4\$uhttps://www.gov.uk/government/collections/all-cause-mortality-surveillance$zFollow links to resource
=859  \\$aELD$bejournal
=CAT  \\$a3072$b40$c20220726$lBLL01$h1128
=CAT  \\$a3072$b40$c20220726$lBLL01$h1130
=CAT  \\$a3072$b40$c20220822$lBLL01$h1634
=CAT  \\$a3072$b40$c20220822$lBLL01$h1647
=CAT  \\$a3072$b40$c20220822$lBLL01$h1655
=FIN  \\$aY$d20220726
=LET  \0$aWeekly all-cause mortality surveillance (Electronic)
=LAS  \\$a3072$b40$c20220822$lBLL01$h1655

