=LDR  02538cas a2200553 i 4500
=001  020688380
=003  Uk
=005  20221006143939.0
=006  m\\\\\|\\d\|\\\\\\
=007  cr\|||||||||||
=008  220726c20169999enkzn\\\o\\\\o0\\\a0eng\\
=FMT  \\$a  SE
=015  \\$aGBC2C9556$2bnb
=040  \\$aUk$beng$cUk$dUk$erda
=042  \\$aukblsr
=082  04$a304.64542$223
=245  00$aAll-cause mortality surveillance.
=246  1\$iWeb link title:$aWeekly all-cause mortality surveillance week ... report
=264  \1$a[London] :$bPublic Health England,$c2016-
=264  31$a[London] :$bUK Health Security Agency
=300  \\$billustrations (colour)
=310  \\$aWeekly: October-May; fortnightly: June-September.
=336  \\$atext$2rdacontent
=337  \\$acomputer$2rdamedia
=338  \\$aonline resource$2rdacarrier
=362  0\$a18 August 2016 = week 33 report (up to week 32 data) -
=500  \\$aIn HTML only from [2022] week 28 report, up to week 24 data, and entitled: Weekly all-cause mortaility surveillance.
=500  \\$aTitle from PDF caption (GOV.UK, viewed July 26, 2022).
=515  \\$aWeekly in the winter season and fortnightly during the summer months.
=520  \\$aSurveillance of excess mortality.
=588  \\$aLatest issue consulted: 7 July 2022 = week 27 report (up to week 26 data) (viewed October 6, 2022).
=650  \0$aMortality$zEngland$vStatistics$vPeriodicals.
=650  \0$aMortality$zWales$vStatistics$vPeriodicals.
=650  \0$aMortality$zScotland$vStatistics$vPeriodicals.
=650  \0$aMortality$zNorthern Ireland$vStatistics$vPeriodicals.
=710  2\$aPublic Health England,$eissuing body.
=710  2\$aUK Health Security Agency,$eissuing body.
=780  00$tWeekly all-cause mortality surveillance
=856  4\$uhttps://www.gov.uk/government/collections/all-cause-mortality-surveillance$zFollow links to resource
=859  \\$aELD$bejournal
=985  \\$agone HTML from week 28 report, up to week 24 data (updated 18 August 2022) i.e. retrospectively for 2 PDF issues I looked at earlier up to 21 July 2022 = week 29.
=CAT  \\$a3072$b40$c20220726$lBLL01$h1131
=CAT  \\$a3072$b40$c20220822$lBLL01$h1649
=CAT  \\$a3072$b40$c20221006$lBLL01$h1126
=CAT  \\$a3072$b40$c20221006$lBLL01$h1439
=FIN  \\$aY$d20220726
=LET  \0$aAll-cause mortality surveillance (Electronic)
=LKR  \\$aPAR$b020688377$lBLL01$r78000$mAll-cause mortality surveillance.$nWeekly all-cause mortality surveillance.
=LAS  \\$a3072$b40$c20221006$lBLL01$h1439

