=LDR  01682cas a2200433 i 4500
=001  020688456
=003  Uk
=005  20220803115436.0
=006  m\\\\\|\\d\|\\\\\\
=007  cr\|||||||||||
=008  220726d20uu2020enkar\\\o\\\\\0\\\a0eng\\
=FMT  \\$a  SE
=040  \\$aUk$beng$cUk$erda
=042  \\$aukblsr
=082  04$a332.6327$223
=110  2\$aArtemis Institutional Global Capital Fund,$eauthor.
=245  10$aManager's report and financial statements :$bfor the year ended 31 December ... /$cArtemis Institutional Global Capital Fund.
=264  \1$aLondon :$bArtemis Fund Managers Limited,$c-2020.
=300  \\$billustrations (colour)
=310  \\$aAnnual
=336  \\$atext$2rdacontent
=337  \\$acomputer$2rdamedia
=338  \\$aonline resource$2rdacarrier
=362  1\$aCeased in 2020.
=588  \\$aDescription based on: 2016 issue ; title from PDF cover.
=610  20$aArtemis Institutional Global Capital Fund$vPeriodicals.
=610  20$aArtemis Institutional Global Capital Fund$xFinance$vPeriodicals.
=710  2\$aArtemis Fund Managers (Firm),$eissuing body.
=856  4\$uhttps://www.artemisfunds.com/en/gbr/institution$zTo search
=859  \\$aELD$bejournal
=985  \\$aWFH record (CS) 2022
=CAT  \\$a8124$b40$c20220726$lBLL01$h1414
=CAT  \\$a8124$b40$c20220726$lBLL01$h1437
=CAT  \\$a8124$b40$c20220727$lBLL01$h1140
=CAT  \\$a8871$b40$c20220728$lBLL01$h1810
=CAT  \\$a8124$b40$c20220803$lBLL01$h1154
=FIN  \\$aY$d20220726
=LET  \0$aManager's report and financial statements :for the year ended 31 December - Artemis Institutional Global Capital Fund (Electronic)
=LAS  \\$a8124$b40$c20220803$lBLL01$h1154

