=LDR  01800cas a2200433 i 4500
=001  020688482
=003  Uk
=005  20220729081809.0
=006  m\\\\\|\\d\|\\\\\\
=007  cr\|||||||||||
=008  220726d201u2021enkar\\\o\\\\\0\\\a0eng\\
=FMT  \\$a  SE
=040  \\$aUk$beng$cUk$erda
=042  \\$aukblsr
=082  04$a332.6327$223
=110  2\$aArtemis Institutional UK Special Situations Fund,$eauthor.
=245  10$aManager's report and financial statements :$bfor the year ended 31 December ... /$cArtemis Institutional UK Special Situations Fund.
=264  \1$aLondon :$bArtemis Fund Managers Limited,$c-[2021]
=300  \\$billustrations (colour)
=310  \\$aAnnual
=336  \\$atext$2rdacontent
=337  \\$acomputer$2rdamedia
=338  \\$aonline resource$2rdacarrier
=362  0\$a-2021.
=588  \\$aDescription based on: 2016 issue ; title from PDF cover.
=588  \\$aLatest issue consulted: 2021 (publisher's website, viewed July 27, 2022).
=610  20$aArtemis Institutional UK Special Situations Fund$vPeriodicals.
=610  20$aArtemis Institutional UK Special Situations Fund$xFinance$vPeriodicals.
=710  2\$aArtemis Fund Managers (Firm),$eissuing body.
=856  4\$uhttps://www.artemisfunds.com/en/gbr/institution/funds/explorer/artemis-uk-special-situations-fund/class-i-accumulation-units-gbp$zTo search
=859  \\$aELD$bejournal
=985  \\$aWFH record (CS) 2022
=CAT  \\$a8124$b40$c20220726$lBLL01$h1437
=CAT  \\$a8124$b40$c20220726$lBLL01$h1442
=CAT  \\$a8124$b40$c20220727$lBLL01$h1145
=CAT  \\$a8871$b40$c20220729$lBLL01$h0818
=FIN  \\$aY$d20220726
=LET  \0$aManager's report and financial statements - Artemis Institutional UK Special Situations Fund (Electronic)
=LAS  \\$a8871$b40$c20220729$lBLL01$h0818

