=LDR  02703nas a2200481 i 4500
=001  020692674
=003  Uk
=005  20220727152946.0
=006  m\\\\\|\\d\|\\\\\\
=007  cr\|||||||||||
=008  220727c201u9999enkar\\\o\\\\\0\\\a0eng\\
=FMT  \\$a  SE
=040  \\$aUk$beng$cUk$erda
=042  \\$aukblsr
=082  04$a332.6327$223
=110  2\$aArtemis Investment Funds ICVC,$eauthor.
=245  10$aAnnual report and financial statements :$bfor the year ended 28 february ... /$cArtemis Investment Funds ICVC.
=264  \1$aLondon :$bArtemis Fund Managers Limited
=300  \\$billustrations (colour)
=310  \\$aAnnual
=336  \\$atext$2rdacontent
=337  \\$acomputer$2rdamedia
=338  \\$aonline resource$2rdacarrier
=500  \\$aUmbrella fund allowing investment in a range of Artemis funds: Artemis UK Select Fund; Artemis UK Special Situations Fund; Artemis Global Equity Income Fund; Artemis Global Emerging Markets Fund; Pan-European Absolute Return; Artemis US Equity Fund; Artemis US Select Fund; Artemis US Smaller Comapnies Fund; Artemis US Extended Alpha Fund; Artemis US Absolute return Fund. Some or all of these funds also retain an independent existence and are separately audited.
=588  \\$aDescription based on: 2017 issue ; title from PDF cover.
=588  \\$aLatest issue consulted: 2022 (publisher's website, viewed July 27, 2022).
=610  20$aArtemis Investment Funds ICVC$vPeriodicals.
=610  20$aArtemis Investment Funds ICVC$xFinance$vPeriodicals.
=787  0\$aArtemis Uk Select Fund.$tManager's report and financial statements
=787  0\$aArtemis Uk Special Situations Fund.$tManager's report and financial statements
=856  4\$uhttps://www.artemisfunds.com/en/gbr/institution$zTo search
=859  \\$aELD$bejournal
=985  \\$aArtemis Investment Funds ICVC - Needs 110/610 Has ambiguous entry on Companies House but annual report exists. See also 500 note
=985  \\$a2017 Viewed as supplied PDF
=985  \\$aWFH record (CS) 2022
=CAT  \\$a8124$b40$c20220727$lBLL01$h0926
=CAT  \\$a8124$b40$c20220727$lBLL01$h1528
=CAT  \\$a8124$b40$c20220727$lBLL01$h1529
=FIN  \\$aY$d20220727
=LET  \0$aAnnual report and financial statements - Artemis Investment Funds ICVC (Electronic)
=LKR  \\$aPAR$b020692864$lBLL01$nManager's report and financial statements / Artemis Uk Special Situations Fund$mAnnual report and financial statements / Artemis Investment Funds ICVC$r787
=LKR  \\$aPAR$b020692854$lBLL01$nManager's report and financial statements / Artemis Uk Select Fund$mAnnual report and financial statements / Artemis Investment Funds ICVC$r787
=LAS  \\$a8124$b40$c20220727$lBLL01$h1529

