=LDR  01539nas a2200385 i 4500
=001  020708093
=003  Uk
=005  20220809133703.0
=006  m\\\\\|\\d\|\\\\\\
=007  cr\|||||||||||
=008  220809d2uuu2017enkqr\\\o\s\\o0\\\a0eng\\
=FMT  \\$a  SE
=015  \\$aGBC2D9310$2bnb
=040  \\$aUk$beng$cUk$erda
=042  \\$aukblsr
=082  04$a362.1770942$223
=245  00$aProfessional briefing for PHE and NHS England screening KPIs.
=246  3\$aProfessional briefing for Public Health England and National Health Service England screening key performance indicators
=264  \1$aLondon :$bPublic Health England,$c-2017.
=336  \\$atext$2rdacontent
=337  \\$acomputer$2rdamedia
=338  \\$aonline resource$2rdacarrier
=362  0\$a- 2016/2017, Q1.
=500  \\$aAccompanied on web page by associated Excel spreadsheets.
=588  \\$aDescription based on: 2015/2016, Q3; title from PDF cover (GOV.UK, viewed August 9, 2022).
=588  \\$aLatest issue consulted:2016/2017, Q1 (viewed February August 9, 2022).
=650  \0$aMedical screening$zEngland$vStatistics$vPeriodicals.
=710  2\$aPublic Health England,$eissuing body.
=785  00$tScreening KPI data summary factsheets
=856  4\$uhttps://www.gov.uk/government/collections/nhs-population-screening-programmes-kpi-reports$zFollow links to resource
=859  \\$aELD$bejournal
=CAT  \\$a3072$b40$c20220809$lBLL01$h1334
=CAT  \\$a3072$b40$c20220809$lBLL01$h1337
=FIN  \\$aY$d20220809
=LAS  \\$a3072$b40$c20220809$lBLL01$h1337

