=LDR  01913nas a2200421 i 4500
=001  020708097
=003  Uk
=005  20220809133755.0
=006  m\\\\\|\\d\|\\\\\\
=007  cr\|||||||||||
=008  220809d20172020enkqr\\\o\s\\o0\\\a0eng\\
=FMT  \\$a  SE
=015  \\$aGBC2D9311$2bnb
=040  \\$aUk$beng$cUk$erda
=042  \\$aukblsr
=082  04$a362.1770942$223
=245  00$aScreening KPI data summary factsheets.
=246  3\$aScreening key performance indicator data summary factsheets
=264  \1$aLondon :$bPublic Health England,$c2017-
=336  \\$atext$2rdacontent
=337  \\$acomputer$2rdamedia
=338  \\$aonline resource$2rdacarrier
=362  0\$aIssue 1 (November 2017)- issue 11 (June 2020).
=500  \\$aAccompanied on web page by associated Excel spreadsheets.
=500  \\$aSplit into: Screening KPI summary dashboard (Excel) and: Young person and adult screening KPI data: ... summary factsheets (HTML), and: Antenatal and newborn screening KPI data: ... summary factsheets (HTML).
=500  \\$aTitle from PDF cover (GOV.UK, viewed August 9, 2022).
=515  \\$aCovers data up to 2019, quarters 2-3.
=588  \\$aLatest issue consulted: issue 11 (June 2020) (viewed August 9, 2022).
=650  \0$aMedical screening$zEngland$vStatistics$vPeriodicals.
=710  2\$aPublic Health England,$eissuing body.
=780  00$tProfessional briefing for PHE and NHS England screening KPIs
=856  4\$uhttps://www.gov.uk/government/collections/nhs-population-screening-programmes-kpi-reports$zFollow links to resource
=859  \\$aELD$bejournal
=CAT  \\$a3072$b40$c20220809$lBLL01$h1337
=FIN  \\$aY$d20220809
=LET  \0$aScreening KPI data summary factsheets (Electronic)
=LKR  \\$aPAR$b020708093$lBLL01$r787$mScreening KPI data summary factsheets.$nProfessional briefing for PHE and NHS England screening KPIs.
=LAS  \\$a3072$b40$c20220809$lBLL01$h1337

