=LDR  01664nas a2200409 i 4500
=001  020770812
=003  Uk
=005  20221011095037.0
=007  cr\|||||||||||
=008  221011c20189999ie\ar\\\\\\\\\0\\\a0eng\\
=FMT  \\$a  SE
=040  \\$aUk$beng$cUk$erda
=042  \\$aukblsr
=082  04$a363.116309417$223
=245  00$aAnnual review of workplace injury, illness and fatality statistics.
=246  1\$iMinor title change:$aAnnual review of workplace injuries, illnesses and fatalities,$f2019/2020-
=264  \1$a[Dublin] :$bHealth and Safety Authority
=300  \\$billustrations (colour)
=310  \\$aAnnual
=336  \\$atext$2rdacontent
=337  \\$acomputer$2rdamedia
=338  \\$aonline resource$2rdacarrier
=362  0\$a2018/2019-
=500  \\$aTitle from PDF cover (HSA website, viewed October 11, 2022).
=588  \\$aLatest issue consulted: 2019/2020, viewed October 11, 2022.
=650  \0$aIndustrial accidents$zIreland$vStatistics$vPeriodicals.
=650  \0$aOccupational diseases$zIreland$vStatistics$vPeriodicals.
=650  \0$aIndustrial hygiene$zIreland$vStatistics$vPeriodicals.
=710  1\$aIreland.$bHealth and Safety Authority.
=780  00$tSummary of workplace injury, illness and fatality statistics
=856  4\$uhttps://www.hsa.ie/eng/publications_and_forms/publications/corporate/$zTo search
=859  \\$aELD$bejournal
=985  \\$aLKR not added as the previous title is a VDEP Suppressed record (ED).
=CAT  \\$a8483$b40$c20221011$lBLL01$h0950
=FIN  \\$aY$d20221011
=LET  \0$aAnnual review of workplace injuries, illnesses and fatalities (Electronic)
=LAS  \\$a8483$b40$c20221011$lBLL01$h0950

