=LDR  01453nas a2200421 i 4500
=001  020797108
=003  Uk
=005  20221103121843.0
=006  m\\\\\|\\d\|\\\\\\
=007  cr\|||||||||||
=008  221103d19uu2021ie\ar\\\o\\\\\0\\\a0eng\\
=FMT  \\$a  SE
=040  \\$aUk$beng$cUk$erda
=042  \\$aukblsr
=082  04$a338.761072915$223
=110  2\$aIndependent News & Media (Firm),$eauthor.
=245  10$aAnnual report /$cIndependent News & Media PLC.
=246  1\$iMinor title change:$aAnnual report & accounts,$f2013-
=264  \1$aDublin :$bIndependent News & Media,$c-2021.
=300  \\$billustrations (colour)
=310  \\$aAnnual
=336  \\$atext$2rdacontent
=337  \\$acomputer$2rdamedia
=338  \\$aonline resource$2rdacarrier
=362  1\$aCeased in 2021.
=588  \\$aDescription based on: 2010 issue ; title from PDF cover.
=588  \\$aLatest issue consulted: 2018.
=610  20$aIndependent News & Media (Firm)$vPeriodicals.
=610  20$aIndependent News & Media (Firm)$xFinance$vPeriodicals.
=856  4\$uhttps://www.mediahuis.ie/inm/$zTo search
=859  \\$aELD$bejournal
=985  \\$aViewed as supplied PDfs only
=985  \\$achanged name/absorbed by Mediahuis 2022
=985  \\$aWFH record (CS) 2022
=CAT  \\$a8124$b40$c20221103$lBLL01$h1218
=FIN  \\$aY$d20221103
=LET  \0$aAnnual report & accounts - Independent News & Media (Electronic)
=LAS  \\$a8124$b40$c20221103$lBLL01$h1218

