=LDR  02266nas a2200505 i 4500
=001  020826212
=003  Uk
=005  20221201170146.0
=006  m\\\\\|\\d\|\\\\\\
=007  cr\|||||||||||
=008  221201d20uu2014enkar\\\o\\\\o0\\\a0eng\\
=FMT  \\$a  SE
=040  \\$aUk$beng$cUk$dUk$erda
=042  \\$aukblsr
=082  04$a614.59939$223
=245  00$aUnlinked anonymous HIV and viral hepatitis monitoring among PWID.
=246  3\$aUnlinked anonymous HIV and viral hepatitis monitoring among people who inject drugs
=264  \1$a[London] :$bPublic Health England
=300  \\$billustrations (colour).
=310  \\$aAnnual
=336  \\$atext$2rdacontent
=337  \\$acomputer$2rdamedia
=338  \\$aonline resource$2rdacarrier
=362  0\$a-2018 report.
=490  0\$aHealth protection report
=500  \\$aAccompanied on Web page by PDF survey tables entitled: Data tables of the Unlinked Anonymous Monitoring Survey of HIV and Hepatitis in People Who Inject Drugs.
=588  \\$aDescription based on: 2014 report (originally issued in: Health protection report: weekly report); title from PDF first page (National Archives, viewed December 1, 2022).
=588  \\$aLatest issue consulted: 2018 report (viewed December 1, 2021).
=650  \7$aIntravenous drug abuse.$2fast$0(OCoLC)fst00977812
=650  \7$aHepatitis, Viral.$2fast$0(OCoLC)fst00955226
=650  \7$aHIV infections.$2fast$0(OCoLC)fst00949871
=650  \7$aHepatitis B.$2fast$0(OCoLC)fst00955199
=650  \7$aHepatitis C.$2fast$0(OCoLC)fst00955213
=651  \7$aEngland.$2fast$0(OCoLC)fst01219920
=651  \7$aWales.$2fast$0(OCoLC)fst01207649
=651  \7$aNorthern Ireland.$2fast$0(OCoLC)fst01205215
=655  \7$aStatistics.$2fast$0(OCoLC)fst01423727
=655  \7$aPeriodicals.$2fast$0(OCoLC)fst01411641
=710  2\$aPublic Health England,$eissuing body.
=785  00$tUnlinked anonymous monitoring (UAM) survey of HIV and viral hepatitis among PWID
=856  4\$uhttps://www.gov.uk/government/publications/people-who-inject-drugs-hiv-and-viral-hepatitis-monitoring$zFollow links to resource
=859  \\$aELD$bejournal
=CAT  \\$a3072$b40$c20221201$lBLL01$h1659
=CAT  \\$a3072$b40$c20221201$lBLL01$h1701
=LAS  \\$a3072$b40$c20221201$lBLL01$h1701

