=LDR  02667nas a2200565 i 4500
=001  020826213
=003  Uk
=005  20221201170420.0
=006  m\\\\\|\\d\|\\\\\\
=007  cr\|||||||||||
=008  221201c20199999enkar\\\o\\\\o0\\\a0eng\\
=FMT  \\$a  SE
=040  \\$aUk$beng$cUk$erda
=042  \\$aukblsr
=082  04$a614.59939$223
=245  00$aUnlinked anonymous monitoring (UAM) survey of HIV and viral hepatitis among PWID.
=246  1\$iMinor title change:$aUnlinked anonymous HIV and viral hepatitis monitoring among people who inject drugs (PWID)$f2022-
=264  \1$a[London] :$bPublic Health England,$c2019-
=264  31$32021-$a[London] :$bUK Health Security Agency
=300  \\$billustrations (colour).
=310  \\$aAnnual
=336  \\$atext$2rdacontent
=337  \\$acomputer$2rdamedia
=338  \\$aonline resource$2rdacarrier
=362  0\$a2019 report -
=490  0\$aHealth protection report
=500  \\$aTo 2018 accompanied on Web page by PDF survey tables; from 2019 accompanied by Excel data tables.
=500  \\$aSome issues have "Preliminary data" following the title.
=500  \\$aTitle from PDF caption (National Archives, viewed December 1, 2022).
=588  \\$aLatest issue consulted: 2022 report (GOV.UK, viewed December 1, 2022).
=650  \7$aIntravenous drug abuse.$2fast$0(OCoLC)fst00977812
=650  \7$aHepatitis, Viral.$2fast$0(OCoLC)fst00955226
=650  \7$aHIV infections.$2fast$0(OCoLC)fst00949871
=650  \7$aHepatitis B.$2fast$0(OCoLC)fst00955199
=650  \7$aHepatitis C.$2fast$0(OCoLC)fst00955213
=651  \7$aEngland.$2fast$0(OCoLC)fst01219920
=651  \7$aWales.$2fast$0(OCoLC)fst01207649
=651  \7$aNorthern Ireland.$2fast$0(OCoLC)fst01205215
=655  \7$aStatistics.$2fast$0(OCoLC)fst01423727
=655  \7$aPeriodicals.$2fast$0(OCoLC)fst01411641
=710  2\$aPublic Health England,$eissuing body.
=710  2\$aUK Health Security Agency,$eissuing body.
=780  00$tUnlinked anonymous HIV and viral hepatitis monitoring among PWID: 2018 report
=856  4\$uhttps://www.gov.uk/government/publications/people-who-inject-drugs-hiv-and-viral-hepatitis-monitoring$zFollow links to resource
=859  \\$aELD$bejournal
=CAT  \\$a3072$b40$c20221201$lBLL01$h1703
=CAT  \\$a3072$b40$c20221201$lBLL01$h1704
=LET  \0$aUnlinked anonymous HIV and viral hepatitis monitoring among people who inject drugs - PWID (Electronic)
=LKR  \\$aPAR$b020826212$lBLL01$nUnlinked anonymous HIV and viral hepatitis monitoring among PWID$mUnlinked anonymous monitoring (UAM) survey of HIV and viral hepatitis among PWID$r78000
=LAS  \\$a3072$b40$c20221201$lBLL01$h1704

