=LDR  02311cas a2200577 i 4500
=001  020866784
=003  Uk
=005  20230412115333.0
=006  m\\\\\\\\d\|\\\\\\
=007  cr||||||||||||
=008  230116c20239999enkmr\\\o\\\\\0\\\a0eng\\
=FMT  \\$a  SE
=015  \\$aGBC357290$2bnb
=022  0\$a2753-4324$202
=040  \\$aUk$beng$cUk$dUk$erda
=042  \\$aukblsr$aissnuk
=082  04$a338.436218672$223
=222  \0$aArgus pipe logix OCTG price guide
=245  00$aArgus pipe logix OCTG price guide.
=246  3\$aArgus pipe logix oil country tubular goods price guide
=264  \1$aLondon :$bArgus Media,$c2023-
=300  \\$billustrations (colour)
=310  \\$aMonthly
=336  \\$atext$2rdacontent
=337  \\$acomputer$2rdamedia
=338  \\$aonline resource$2rdacarrier
=362  0\$aIssue 23-2 (Wednesday 22 February 2023)-
=500  \\$a"Formerly Pipe logix OCTG spot market price guide" - cover.
=500  \\$aTitle from PDF cover.
=650  \7$aPipelines.$2fast$0(OCoLC)fst01064626
=650  \7$aPipe industry.$2fast$0(OCoLC)fst01064534
=650  \7$aPetroleum pipeline industry.$2fast$0(OCoLC)fst01059677
=650  \7$aPrices.$2fast$0(OCoLC)fst01076207
=651  \7$aUnited States.$2fast$0(OCoLC)fst01204155
=655  \7$aStatistics.$2fast$0(OCoLC)fst01423727
=655  \7$aPeriodicals.$2fast$0(OCoLC)fst01411641
=710  2\$aArgus Media (Agency),$eissuing body.
=787  0\$tArgus pipe logix OCTG outlook$x2756-0724
=856  4\$uhttps://www.argusmedia.com/en/metals/pipe-logix/octg-service$zTo subscribe
=859  \\$aELD$bejournal
=985  \\$aISSN UK Centre: title updated from Argus Pipe Logix OCTG in advance of publication (email from publisher 24/1/23). Email 25/1/23, pub. date changed - now due 22/2/23. DLW; GC details pricing for casing and tubing used in US onshore wells ....
=CAT  \\$a10806$b40$c20230116$lBLL01$h1301
=CAT  \\$a10973$b40$c20230125$lBLL01$h1551
=CAT  \\$a10973$b40$c20230126$lBLL01$h0923
=CAT  \\$a10973$b40$c20230126$lBLL01$h0924
=CAT  \\$a3072$b40$c20230316$lBLL01$h1558
=CAT  \\$a3072$b40$c20230316$lBLL01$h1600
=CAT  \\$a8124$b40$c20230412$lBLL01$h1153
=FIN  \\$aY$d20230316
=LET  \0$aArgus pipe logix OCTG price (Electronic)
=LAS  \\$a8124$b40$c20230412$lBLL01$h1153

