=LDR  01845nas a2200481 i 4500
=001  020937441
=003  Uk
=005  20230131122210.0
=007  cr\|||||||||||
=008  230131c20uu9999enkar\\\\\\\\\0\\\a0eng\\
=FMT  \\$a  SE
=015  \\$aGBC317714$2bnb
=040  \\$aUk$beng$cUk$erda
=042  \\$aukblsr
=082  04$a338.4767872$223
=245  00$aArgus butadiene analytics /$cArgus Consulting Services.
=246  30$aButadiene analytics
=264  \1$aLondon :$bArgus Media
=300  \\$billustrations (colour)
=310  \\$aAnnual
=336  \\$atext$2rdacontent
=337  \\$acomputer$2rdamedia
=338  \\$aonline resource$2rdacarrier
=588  \\$aDescription based on: 2022; title from PDF cover, supplied by publisher.
=650  \7$aButadiene.$2fast$0(OCoLC)fst00843042
=650  \7$aButadiene industry.$2fast$0(OCoLC)fst00843046
=650  \7$aPetroleum products$xPrices.$2fast$0(OCoLC)fst01059747
=650  \7$aForecasting.$2fast$0(OCoLC)fst00931721
=650  \7$aMarket surveys.$2fast$0(OCoLC)fst01010149
=655  \7$aPeriodicals.$2fast$0(OCoLC)fst01411641
=710  2\$aArgus Media (Agency),$eissuing body.
=710  2\$aArgus Consulting Services.
=780  00$tArgus butadiene annual
=856  4\$uhttps://www.argusmedia.com/en/chemicals/argus-butadiene-analytics$zTo subscribe
=859  \\$aELD$bejournal
=985  \\$aDescribed as an annual report, 442 pages and contents same as Argus butadiene annual, so infer it is a C/T (ED 31.1.2023).
=CAT  \\$a8483$b40$c20230131$lBLL01$h1008
=CAT  \\$a8483$b40$c20230131$lBLL01$h1017
=CAT  \\$a8483$b40$c20230131$lBLL01$h1222
=FIN  \\$aY$d20230131
=LET  \0$aArgus butadiene analytics (Electronic)
=LKR  \\$aPAR$b019647102$lBLL01$r78000$mArgus Butadiene analytics$nArgus butadiene annual
=LAS  \\$a8483$b40$c20230131$lBLL01$h1222

