=LDR  02032cas a2200529 i 4500
=001  021008339
=003  Uk
=005  20230405172032.0
=006  m\\\\\|\\d\|\\\\\\
=007  cr\|||||||||||
=008  230329c20139999enkar\\\o\s\\\0\\\a0eng\\
=FMT  \\$a  SE
=040  \\$aUk$beng$cUk$erda
=042  \\$aukblsr
=082  04$a333.79$223
=245  00$aRIIO-GD1 annual report.
=246  3\$aRevenue=Incentives+Innovation+Outputs gas distribution one annual report
=246  1\$i2018/19 issue entitled:$aNetwork performance summary
=264  \1$a[London] :$bOfgem
=300  \\$billustrations (colour); maps (colour)
=310  \\$aAnnual
=336  \\$atext$2rdacontent
=337  \\$acomputer$2rdamedia
=338  \\$aonline resource$2rdacarrier
=362  0\$a2013/14-
=500  \\$aTitle from PDF caption.
=515  \\$aReports are issued within a price control period of 8 years, the next one to be called GD2 beginning with 2021/22.
=588  \\$aLatest issue consulted: 2020/21.
=650  \7$aPrice regulation.$2fast$0(OCoLC)fst01076191
=650  \7$aGas companies$xRates.$2fast$0(OCoLC)fst00938199
=650  \7$aEvaluation.$2fast$0(OCoLC)fst00916975
=650  \7$aSubsidies.$2fast$0(OCoLC)fst01136736
=651  \7$aGreat Britain.$2fast$0(OCoLC)fst01204623
=655  \7$aPeriodicals.$2fast$0(OCoLC)fst01411641
=655  \7$aAnnual reports.$2fast$0(OCoLC)fst01919893
=710  1\$aGreat Britain.$bOffice of Gas and Electricity Markets,$eissuing body.
=856  4\$uhttps://www.ofgem.gov.uk/publications$zTo search
=859  \\$aELD$bejournal
=985  \\$aWhen GD2 begins please add 246 variant: {dollar}iFrom 2021/2022 entitled: {dollar}aRIIO-GD2 annual report.
=CAT  \\$a3072$b40$c20230329$lBLL01$h1718
=CAT  \\$a3072$b40$c20230329$lBLL01$h1719
=CAT  \\$a3072$b40$c20230405$lBLL01$h1406
=CAT  \\$a3072$b40$c20230405$lBLL01$h1426
=CAT  \\$a3072$b40$c20230405$lBLL01$h1720
=FIN  \\$aY$d20230405
=LET  \0$aRIIO-GD1 annual report (Electronic)
=LAS  \\$a3072$b40$c20230405$lBLL01$h1720

