=LDR  02114nas a2200505 i 4500
=001  021018811
=003  Uk
=005  20230405171907.0
=006  m\\\\\|\\d\|\\\\\\
=007  cr\|||||||||||
=008  230405c20159999enkar\\\o\\\\\0\\\a0eng\\
=FMT  \\$a  SE
=040  \\$aUk$beng$cUk$erda
=042  \\$aukblsr
=082  04$a333.79$223
=245  00$aRIIO-ET1 annual report.
=246  3\$aRevenue=Incentives+Innovation+Outputs electricity transmission one annual report
=264  \1$a[London] :$bOfgem,$c2017-
=300  \\$billustrations (colour); maps (colour)
=310  \\$aAnnual
=336  \\$atext$2rdacontent
=337  \\$acomputer$2rdamedia
=338  \\$aonline resource$2rdacarrier
=362  0\$a2015/16-
=500  \\$aTitle from PDF cover.
=515  \\$aReports are issued within a price control period of 8 years, the next one to be called ET2 beginning with 2021/22.
=588  \\$aLatest issue consulted: 2020/21.
=650  \7$aPrice regulation.$2fast$0(OCoLC)fst01076191
=650  \7$aElectric utilities$xRates.$2fast$0(OCoLC)fst00906079
=650  \7$aSubsidies.$2fast$0(OCoLC)fst01136736
=651  \7$aGreat Britain.$2fast$0(OCoLC)fst01204623
=651  \7$aGreat Britain.$2fast$0(OCoLC)fst01204623
=655  \7$aPeriodicals.$2fast$0(OCoLC)fst01411641
=655  \7$aAnnual reports.$2fast$0(OCoLC)fst01919893
=710  1\$aGreat Britain.$bOffice of Gas and Electricity Markets,$eissuing body.
=780  00$tRIIO electricity transmission annual report
=856  4\$uhttps://www.ofgem.gov.uk/publications$zTo search
=859  \\$aELD$bejournal
=985  \\$aCT done here, so that when ET2 published it can go more easily on this than on the previous title; When ET2 begins please add 246 variant: {dollar}iFrom 2021/2022 entitled: {dollar}aRIIO-GD2 annual report.
=CAT  \\$a3072$b40$c20230405$lBLL01$h1703
=CAT  \\$a3072$b40$c20230405$lBLL01$h1719
=FIN  \\$aY$d20230405
=LET  \0$aRIIO-ET1 annual report (Electronic)
=LKR  \\$aPAR$b021008315$lBLL01$nRIIO electricity transmission annual report$mRIIO-ET1 annual report$r78000
=LAS  \\$a3072$b40$c20230405$lBLL01$h1719

