=LDR  02300nas a2200541 i 4500
=001  021140509
=003  Uk
=005  20230712155941.0
=006  m\\\\\|\\d\|\\\\\\
=007  cr\|||||||||||
=008  230712c20169999stkar\\\o\\\\\0\\\a0eng\\
=FMT  \\$a  SE
=015  \\$aGBC3D3307$2bnb
=040  \\$aUk$beng$cUk$erda
=042  \\$aukblsr
=082  04$a353.36240941105$223
=110  2\$aAuditor General for Scotland,$eauthor.
=245  10$aScottish Police Authority ... annual audit report /$cAudit Scotland.
=246  30$aAnnual audit report
=264  \1$aEdinburgh :$bAudit Scotland,$c2017-
=310  \\$aAnnual
=336  \\$atext$2rdacontent
=337  \\$acomputer$2rdamedia
=338  \\$aonline resource$2rdacarrier
=362  0\$a2016/17-
=500  \\$a"Prepared for the Scottish Police Authority and the Auditor General for Scotland".
=500  \\$aAccompanied on website by: Audit plan.
=500  \\$aTitle from PDF cover (publisher's website, viewed July 12, 2023).
=588  \\$aLatest issue consulted: 2021/2022 (viewed July 12, 2023).
=610  27$aScottish Police Authority$2fast$0(OCoLC)fst02055464
=650  \7$aExpenditures, Public.$2fast$0(OCoLC)fst00918345
=655  \7$aPeriodicals.$2fast$0(OCoLC)fst01411641
=690  7\$aManagement and Business Studies$2blcoll
=780  00$aAuditor General for Scotland.$tAnnual audit report to members and the Auditor General for Scotland
=787  0\$aAuditor General for Scotland.$tAudit of the Scottish Police Authority
=856  4\$uhttps://www.audit-scotland.gov.uk/publications/search?search=scottish%20police%20authority&council=All&region=All&author=All$zFollow links to resource
=859  \\$aELD$bejournal
=985  \\$aWFH record (CS) 2023
=CAT  \\$a8124$b40$c20230712$lBLL01$h1013
=CAT  \\$a8124$b40$c20230712$lBLL01$h1019
=CAT  \\$a8124$b40$c20230712$lBLL01$h1025
=CAT  \\$a8124$b40$c20230712$lBLL01$h1115
=CAT  \\$a8124$b40$c20230712$lBLL01$h1558
=CAT  \\$a8124$b40$c20230712$lBLL01$h1559
=FIN  \\$aY$d20230712
=LET  \0$aScottish Police Authority ... annual audit report (Electronic)
=LKR  \\$aPAR$b018627062$lBLL01$r787$mScottish Police Authority ... annual audit report$nAudit of the Scottish Police Authority
=LAS  \\$a8124$b40$c20230712$lBLL01$h1559

