=LDR  01840nas a2200385 i 4500
=001  021141347
=003  Uk
=005  20230713124116.0
=006  m\\\\\|\\d\|\\\\\\
=007  cr\|||||||||||
=008  230713c2uuu9999enk\x\\\o\\\\\0\\\a0eng\\
=FMT  \\$a  SE
=040  \\$aUk$beng$cUk$erda
=042  \\$aukblsr
=082  04$a808.5306042574$223
=110  2\$aOxford Union,$eauthor.
=245  10$aThe rules, standing orders, and special schedules of the Oxford Union Society.
=246  1\$iMinor title change:$aRules and standing orders of the Oxford Union Society$f<13th November 2021>-
=264  \1$a[Oxford] :$bOxford Union Society
=310  \\$aIrregular
=336  \\$atext$2rdacontent
=337  \\$acomputer$2rdamedia
=338  \\$aonline resource$2rdacarrier
=500  \\$aIrregular; issued for the Michaelmas, Trinity and Hilary terms, with updates between some editions.
=500  \\$aPreviously issued in print format under varying titles, e.g. Rules & regulations of the Oxord Union Society, Rules of the Oxford Union Society, Union rules, etc.
=588  \\$aDescription based on: Trinity 2017 issue, updated 2nd June 2017; title from PDF cover.
=588  \\$aLatest issue consulted: Trinity Term 2023 issue, updated 14 June 2023 (Oxford Union Society website, viewed July 13, 2023).
=610  27$aOxford Union$2fast$0(OCoLC)fst00600728
=650  \7$aAdministrative agencies$xRules and practice.$2fast$0(OCoLC)fst00796804
=655  \7$aPeriodicals.$2fast$0(OCoLC)fst01411641
=856  4\$uhttps://oxford-union.org/pages/rules-and-policies$zFor current issue follow link under Policies/Rules and Policies at foot of page
=859  \\$aELD$bejournal
=CAT  \\$a3072$b40$c20230713$lBLL01$h1241
=LET  \0$aRules and standing orders of the Oxford Union Society (Electronic)
=LAS  \\$a3072$b40$c20230713$lBLL01$h1241

