=LDR  02331cas a2200565 i 4500
=001  021167263
=003  Uk
=005  20230829145911.0
=006  m\\\\\\\\d\|\\\\\\
=007  cr||||||||||||
=008  230807c20239999enkqr\\\o\\\\\0\\\a0eng\\
=FMT  \\$a  SE
=015  \\$aGBC3G2694$2bnb
=022  0\$a2977-3679$202
=040  \\$aUk$beng$cUk$erda
=042  \\$aukblsr$aissnuk
=082  04$a338.476686241$223
=222  \0$aArgus AdBlue-DEF and TGU analytics
=245  00$aArgus AdBlue-DEF and TGU analytics.
=246  3\$aArgus AdBlue-diesel exhaust fluid and technical grade urea analytics
=264  \1$aLondon :$bArgus Media group,$c2023-
=300  \\$billustrations (colour)
=310  \\$aQuarterly
=336  \\$atext$2rdacontent
=337  \\$acomputer$2rdamedia
=338  \\$aonline resource$2rdacarrier
=362  0\$aAugust 2023-
=500  \\$aTitle from PDF caption.
=650  \7$aFertilizer industry.$2fast$0(OCoLC)fst00923219
=650  \7$aUrea industry.$2fast$0(OCoLC)fst01162862
=650  \7$aUrea as fertilizer.$2fast$0(OCoLC)fst01162860
=650  \7$aPrices.$2fast$0(OCoLC)fst01076207
=650  \7$aMarket surveys.$2fast$0(OCoLC)fst01010149
=655  \7$aStatistics.$2fast$0(OCoLC)fst01423727
=655  \7$aPeriodicals.$2fast$0(OCoLC)fst01411641
=650  \0$aMarket surveys$vPeriodicals.
=690  7\$aManagement and Business Studies$2blcoll
=710  2\$aArgus Media (Agency),$eissuing body.
=710  2\$aArgus Consulting Services,$eissuing body.
=780  00$tArgus technical grade urea analytics
=856  4\$uhttps://www.argusmedia.com/fertilizer/argus-adblue-def-technical-grade-urea-analytics$zTo subscribe
=859  \\$aELD$bejournal
=985  \\$aC/T from ISSN 2754-7191, Argus technical grade urea analytics. Please link on completion; GC as far as I know it is just a CT from 2754-7191 & not also a merger with the weekly Argus AdBlue and DEF, last rec'd 11 Aug 23.
=CAT  \\$a10806$b40$c20230807$lBLL01$h1524
=CAT  \\$a3072$b40$c20230829$lBLL01$h1444
=CAT  \\$a10973$b40$c20230829$lBLL01$h1459
=FIN  \\$aY$d20230829
=LET  \0$aArgus AdBlue-DEF and TGU analytics (Electronic)
=LKR  \\$aPAR$b020199942$lBLL01$r78000$mArgus AdBlue-DEF and TGU analytics (Online)$nArgus technical grade urea analytics
=LAS  \\$a10973$b40$c20230829$lBLL01$h1459

