=LDR  02385nas a2200493 i 4500
=001  021167566
=003  Uk
=005  20230808144624.0
=007  cr\|||||||||||
=008  230808c20149999enkqr\p\o\\\\\0\\\a0eng\\
=FMT  \\$a  SE
=015  \\$aGBC3E7088$2bnb
=040  \\$aUk$beng$cUk$erda
=042  \\$aukblsr
=082  04$a362.04250941605$223
=245  00$aQuarterly carers' statistics for Northern Ireland.
=264  \1$aBelfast :$bInformation & Analysis Directorate, Department of Health Social Services & Public Safety
=264  31$aBelfast :$bInformation & Analysis Directorate, Department of Health
=300  \\$billustrations (black and white, and colour)
=310  \\$aQuarterly
=336  \\$atext$2rdacontent
=337  \\$acomputer$2rdamedia
=338  \\$aonline resource$2rdacarrier
=362  1\$aPrint began with October/December 2014.
=580  \\$aOriginal print version preceded by earlier title: Carers' statistics for Northern Ireland.
=550  \\$aFrom Jan./Mar. 2016 issue, published by Department of Health, Information and Analysis Directorate.
=588  \\$aDescription based on print version record.
=588  \\$aLatest issue consulted: January/March 2023 (NI Department of Health website, viewed August 8, 2023).
=650  \7$aCaregivers.$2fast$0(OCoLC)fst00847331
=651  \7$aNorthern Ireland.$2fast$0(OCoLC)fst01205215
=655  \7$aStatistics.$2fast$0(OCoLC)fst01423727
=655  \7$aPeriodicals.$2fast$0(OCoLC)fst01411641
=710  1\$aNorthern Ireland.$bDepartment of Health.$bInformation and Analysis Directorate,$eissuing body.
=710  1\$aNorthern Ireland.$bDepartment of Health, Social Services, and Public Safety.$bInformation and Analysis Directorate,$eissuing body.
=710  2\$aNorthern Ireland Statistics & Research Agency,$eissuing body.
=776  08$iAlso issued in print as:$tQuarterly carers' statistics for Northern Ireland
=856  4\$uhttps://www.health-ni.gov.uk/publications/$zTo search
=859  \\$aELD$bejournal
=CAT  \\$a8483$b40$c20230808$lBLL01$h1443
=CAT  \\$a8483$b40$c20230808$lBLL01$h1446
=FIN  \\$aY$d20230808
=LET  \0$aQuarterly carers' statistics for Northern Ireland (Electronic)
=LKR  \\$aPAR$b017369038$lBLL01$r776$mQuarterly carers' statistics for Northern Ireland.$nQuarterly carers' statistics for Northern Ireland.
=LAS  \\$a8483$b40$c20230808$lBLL01$h1446

