=LDR  01753cas a2200469 i 4500
=001  021178507
=003  Uk
=005  20230904170417.0
=006  m\\\\\|\\d\|\\\\\\
=007  cr\|||||||||||
=008  230817c201u9999enkar\\\o\\\\\0\\\a0eng\\
=FMT  \\$a  SE
=015  \\$aGBC3F6635$2bnb
=040  \\$aUk$beng$cUk$dUk$erda
=042  \\$aukblsr
=082  04$a352.140942$223
=245  00$aLGA in Parliament /$cLocal Government Association.
=246  3\$aLocal Government Association in Parliament
=264  \1$aLondon :$bLocal Government Association
=300  \\$billustrations (colour)
=310  \\$aAnnual
=336  \\$atext$2rdacontent
=337  \\$acomputer$2rdamedia
=338  \\$aonline resource$2rdacarrier
=500  \\$aFrom 2020/2021- issued in HTML format.
=588  \\$aDescription based on: 2015/2016 issue (local.gov.uk, viewed August 17, 2023).
=588  \\$aLatest issue consulted: 2019/2020 (viewed August 17, 2023).
=610  27$aLocal Government Association (England and Wales)$2fast$0(OCoLC)fst00749772
=610  17$aGreat Britain.$bParliament.$bHouse of Commons.$2fast$0(OCoLC)fst00537373
=650  \7$aLocal government.$2fast$0(OCoLC)fst01001300
=651  \7$aEngland.$2fast$0(OCoLC)fst01219920
=651  \7$aWales.$2fast$0(OCoLC)fst01207649
=655  \7$aPeriodicals.$2fast$0(OCoLC)fst01411641
=710  2\$aLocal Government Association (England and Wales),$eissuing body.
=856  4\$uhttps://www.local.gov.uk/publications$zTo search
=859  \\$aELD$bejournal
=985  \\$aWFH record (CS) 2023
=CAT  \\$a8124$b40$c20230817$lBLL01$h1421
=CAT  \\$a8124$b40$c20230904$lBLL01$h1704
=FIN  \\$aY$d20230817
=LET  \0$aLGA in Parliament (Electronic)
=LAS  \\$a8124$b40$c20230904$lBLL01$h1704

