=LDR  02169cas a2200577 i 4500
=001  021187054
=003  Uk
=005  20230904172421.0
=006  m\\\\\|\\d\|\\\\\\
=007  cr\|||||||||||
=008  230823c20239999enkqr\\\o\s\\\0\\\a0eng\\
=FMT  \\$a  SE
=015  \\$aGBC3G1567$2bnb
=022  0\$a2977-2532$202
=040  \\$aUk$beng$cUk$erda
=042  \\$aukblsr$aissnuk
=082  04$a338.436218672$223
=222  \0$aArgus pipe logix line pipe outlook
=245  00$aArgus pipe logix line pipe outlook :$bkey market factors.
=246  30$aLine pipe outlook
=264  \1$aLondon :$bArgus Media,$c2023-
=300  \\$billustrations (colour).
=310  \\$aQuarterly
=336  \\$atext$2rdacontent
=337  \\$acomputer$2rdamedia
=338  \\$aonline resource$2rdacarrier
=362  1\$aBegan in 2023.
=490  0\$aArgus report
=588  \\$aDescription based on: Issue 23-03 (22 August, 2023) ; title from PDF caption (publisher's website, viewed August 23, 2023).
=650  \7$aPipelines.$2fast$0(OCoLC)fst01064626
=650  \7$aPipe industry.$2fast$0(OCoLC)fst01064534
=650  \7$aPrices.$2fast$0(OCoLC)fst01076207
=655  \7$aForecasts.$2fast$0(OCoLC)fst01424052
=655  \7$aStatistics.$2fast$0(OCoLC)fst01423727
=655  \7$aPeriodicals.$2fast$0(OCoLC)fst01411641
=690  7\$aManagement and Business Studies$2blcoll
=710  2\$aArgus Media (Agency),$eissuing body.
=780  00$tLine pipe market review and outlook
=787  0\$tArgus pipe logix line pipe price guide$x2753-4332
=856  4\$uhttps://www.argusmedia.com/en/metals/pipe-logix/line-pipe$zTo subscribe
=859  \\$aELD$bejournal
=985  \\$aWFH record (CS) 2023
=CAT  \\$a8124$b40$c20230823$lBLL01$h1430
=CAT  \\$a8124$b40$c20230823$lBLL01$h1432
=CAT  \\$a8124$b40$c20230904$lBLL01$h1722
=CAT  \\$a8124$b40$c20230904$lBLL01$h1723
=CAT  \\$a8124$b40$c20230904$lBLL01$h1724
=FIN  \\$aY$d20230823
=LET  \0$aArgus pipe logix line pipe outlook (Electronic)
=LKR  \\$aPAR$b020866786$lBLL01$r787$mArgus pipe logix line pipe outlook$nArgus pipe logix line pipe price guide
=LAS  \\$a8124$b40$c20230904$lBLL01$h1724

