=LDR  01733cas a2200481 i 4500
=001  021202937
=003  Uk
=005  20231017114809.0
=006  m\\\\\\\\d\|\\\\\\
=007  cr||||||||||||
=008  230907c20239999enkwr\p\o\\\\\0\\\a0eng\\
=FMT  \\$a  SE
=015  \\$aGBC3K0056$2bnb
=022  0\$a2977-1765$202
=040  \\$aUk$beng$cUk$erda
=042  \\$aissnuk$aukblsr
=082  04$a338.47668$223
=222  \0$aArgus PO and derivatives
=245  00$aArgus PO and derivatives :$bpropylene oxides & derivatives prices and global supply.
=264  \1$aLondon :$bArgus Media,$c2023-
=300  \\$billustrations (colour)
=310  \\$aWeekly
=336  \\$atext$2rdacontent
=337  \\$acomputer$2rdamedia
=338  \\$aonline resource$2rdacarrier
=362  0\$a23-1 (Wednesday 4 October, 2023)-
=500  \\$aTitle from PDF caption (Argus Direct, viewed October 17, 2023).
=588  \\$aLatest issue consulted: 23-2 (Wednesday 11 October 2023), viewed October 17, 2023.
=650  \7$aPropylene oxide.$2fast$0(OCoLC)fst01079288
=650  \7$aPropylene oxide industry.$2fast$0(OCoLC)fst01079292
=650  \7$aPrices.$2fast$0(OCoLC)fst01076207
=650  \7$aMarket surveys.$2fast$0(OCoLC)fst01010149
=655  \7$aStatistics.$2fast$0(OCoLC)fst01423727
=655  \7$aPeriodicals.$2fast$0(OCoLC)fst01411641
=710  2\$aArgus Media (Agency),$eissuing body.
=856  4\$uhttps://direct.argusmedia.com/$zTo subscribe
=859  \\$aELD$bejournal
=CAT  \\$a10973$b40$c20230907$lBLL01$h1704
=CAT  \\$a8483$b40$c20231017$lBLL01$h1146
=CAT  \\$a8483$b40$c20231017$lBLL01$h1148
=FIN  \\$aY$d20231017
=LET  \0$aArgus PO and derivatives (Electronic)
=LAS  \\$a8483$b40$c20231017$lBLL01$h1148

