=LDR  01984nas a2200493 i 4500
=001  021212076
=003  Uk
=005  20230919091251.0
=007  cr\|||||||||||
=008  230919c20219999enkar\p\o\\\\\0\\\a0eng\\
=FMT  \\$a  SE
=040  \\$aUk$beng$cUk$erda
=042  \\$aukblsr
=082  04$a333.794$223
=110  2\$aGreen Gas Support Scheme (Great Britain),$eauthor.
=245  10$aAnnual report /$cGreen Gas Support Scheme.
=246  3\$aGreen Gas Support Scheme annual report
=246  1\$iPDF running title:$aGGSS and GGL annual report
=264  \1$a[London] :$bOfgem
=300  \\$billustrations (colour)
=310  \\$aAnnual
=336  \\$atext$2rdacontent
=337  \\$acomputer$2rdamedia
=338  \\$aonline resource$2rdacarrier
=362  0\$a2021/2022-
=500  \\$aTitle from PDF title page (Ofgem website, viewed September 19, 2023).
=588  \\$aLatest issue consulted: 2022/2023, viewed September 19, 2023.
=610  27$aGreen Gas Support Scheme (Great Britain)$2fast$0(OCoLC)fst02014334
=650  \7$aBiogas$xEconomic aspects.$2fast$0(OCoLC)fst00832075
=650  \7$aEnergy tax credits.$2fast$0(OCoLC)fst00910260
=651  \7$aGreat Britain.$2fast$0(OCoLC)fst01204623
=655  \7$aStatistics.$2fast$0(OCoLC)fst01423727
=655  \7$aPeriodicals.$2fast$0(OCoLC)fst01411641
=655  \7$aAnnual reports.$2fast$0(OCoLC)fst01919893
=710  1\$aGreat Britain.$bOffice of Gas and Electricity Markets,$eissuing body.
=787  0\$aGreen Gas Support Scheme (Great Britain).$tQuarterly report
=856  4\$uhttps://www.ofgem.gov.uk/publications$zTo search
=859  \\$aELD$bejournal
=CAT  \\$a8483$b40$c20230919$lBLL01$h0910
=CAT  \\$a8483$b40$c20230919$lBLL01$h0912
=FIN  \\$aY$d20230919
=LET  \0$aGreen Gas Support Scheme annual report (Electronic)
=LKR  \\$aPAR$b021008243$lBLL01$r787$mAnnual report / Green Gas Support Scheme$nQuarterly report / Green Gas Support Scheme
=LAS  \\$a8483$b40$c20230919$lBLL01$h0912

