=LDR  01582cas a2200445 i 4500
=001  021215910
=003  Uk
=005  20230929085514.0
=006  m\\\\\|\\d\|\\\\\\
=007  cr\|||||||||||
=008  230920c20229999wlkar\\\o\s\\o0\\\a0eng\\
=FMT  \\$a  SE
=015  \\$aGBC3H9450$2bnb
=040  \\$aUk$beng$cUk$erda
=042  \\$aukblsr
=082  04$a331.119136109429$223
=245  00$aSocial care workforce report.
=264  \1$aCardiff :$bSocial Care Wales,$c2022-
=300  \\$billustrations (colour)
=310  \\$aAnnual
=336  \\$atext$2rdacontent
=337  \\$acomputer$2rdamedia
=338  \\$aonline resource$2rdacarrier
=362  0\$a2021-
=500  \\$aTitle from PDF cober (socialcare.Wales, viewed September 20, 2023).
=588  \\$aLatest issue consulted: 2022 (viewed viewed September 20, 2023).
=650  \7$aSocial service$xEmployees.$2fast$0(OCoLC)fst01123221
=651  \7$aWales.$2fast$0(OCoLC)fst01207649
=655  \7$aStatistics.$2fast$0(OCoLC)fst01423727
=655  \7$aPeriodicals.$2fast$0(OCoLC)fst01411641
=710  2\$aSocial Care Wales,$eissuing body.
=787  0\$tLocal authority social services - staff numbers
=856  4\$uhttps://socialcare.wales$zTo search
=859  \\$aELD$bejournal
=CAT  \\$a3072$b40$c20230920$lBLL01$h1501
=CAT  \\$a7332$b40$c20230929$lBLL01$h0855
=FIN  \\$aY$d20230920
=LET  \0$aSocial care workforce report (Electronic)
=LKR  \\$aPAR$b016496610$lBLL01$nLocal authority social services - staff number$mSocial care workforce report$r787
=LAS  \\$a7332$b40$c20230929$lBLL01$h0855

