=LDR  02216nas a2200457 i 4500
=001  021226441
=003  Uk
=005  20230927093334.0
=006  m\\\\\|\\d\|\\\\\\
=007  cr\|||||||||||
=008  230927c20219999enkar\p\o\\\\o0\\\a0eng\\
=FMT  \\$a  SE
=015  \\$aGBC3I5454$2bnb
=040  \\$aUk$beng$cUk$erda
=042  \\$aissnuk$aukblsr
=082  04$a370.711429$223
=245  00$aInitial teacher education priority subject incentives :$bguidance for students.
=246  13$aInitial teacher education (ITE) priority subject incentive
=264  \1$a[Cardiff] :$bWelsh Government
=310  \\$aAnnual
=336  \\$atext$2rdacontent
=337  \\$acomputer$2rdamedia
=338  \\$aonline resource$2rdacarrier
=362  0\$a2021-
=490  0\$aGuidance
=500  \\$aTitle from PDF title page (Gov.Wales Web site, viewed September 27, 2023).
=500  \\$aFrom 2023/2024 published in HTML.
=588  \\$aLatest issue consulted: 2023/2024, viewed September 27, 2023.
=650  \0$aTeachers$xTraining of$zWales$vPeriodicals.
=650  \0$aStudent aid$zWales$vPeriodicals.
=710  1\$aWales.$bWelsh Government,$eissuing body.
=780  01$tTeacher training incentives in Wales
=856  4\$uhttps://www.gov.wales/initial-teacher-education-ite-priority-subject-incentive-scheme#Guidance$zFollow links to resource
=859  \\$aELD$bejournal
=985  \\$aThis is done as a Continues in part as the previous title included the Annex "The Teacher Training Incentive Scheme" which lists the provisions of the scheme, eligibility criteria for grants etc. This title does not include that Annex which is available as a separate PDF and has been additionally published separately for a number of years (so not a straight split either). ED 27.9.2023
=CAT  \\$a8483$b40$c20230927$lBLL01$h0928
=CAT  \\$a8483$b40$c20230927$lBLL01$h0929
=CAT  \\$a8483$b40$c20230927$lBLL01$h0933
=FIN  \\$aY$d20230927
=LKR  \\$aPAR$b016765366$lBLL01$r78000$mInitial teacher education priority subject incentives : guidance for students.$nTeacher training incentives in Wales : academic year ... : guidance notes for initial teacher training students.
=LAS  \\$a8483$b40$c20230927$lBLL01$h0933

