=LDR  03011cas a2200613 i 4500
=001  021246642
=003  Uk
=005  20231012123532.0
=006  m\\\\\|\\d\|\\\\\\
=007  cr\|||||||||||
=008  231010c20229999enk\x\\\o\\\\\0\\\a0eng\\
=FMT  \\$a  SE
=040  \\$aUk$beng$cUk$erda
=042  \\$aukblsr
=082  04$a320.9$223
=245  00$aCountry political profile.
=246  13$aCountry political profiles
=246  1\$iSome PDFs have caption title:$aPolitical overview
=246  1\$iSearch screen variant:$aPolitical analysis.$pCountry political profile
=264  \1$a[Oxford] :$b[Oxford Economics],$c2022-
=300  \\$billustrations (colour)
=310  \\$aIrregular
=336  \\$atext$2rdacontent
=337  \\$acomputer$2rdamedia
=338  \\$aonline resource$2rdacarrier
=362  1\$aBegan in 2022.
=520  \\$a"Prepared by Seerist, Country Political Profiles provide regular political updates, evaluating key risks and key information on institutions and political structures" - Oxford Economics website.
=500  \\$aSome issues lack country/region name, and may lack specific issue date: that data is on the website and publisher's email; some issues have theme titles.
=550  \\$a"Brought to you by Seerist and Control Risks" - foot of PDF.
=588  \\$aDescription based on: Denmark: country political profile (September 2023); title from email subject line (email sent 22/9/23).
=650  \7$aPolitics and government.$2fast$0(OCoLC)fst01919741
=650  \7$aCountry risk.$2fast$0(OCoLC)fst00881448
=650  \7$aOperational risk.$2fast$0(OCoLC)fst01739665
=650  \7$aBusiness intelligence.$2fast$0(OCoLC)fst00842723
=650  \7$aWorld politics.$2fast$0(OCoLC)fst01181381
=650  \7$aEconomic surveys.$2fast$0(OCoLC)fst00902099
=655  \7$aPeriodicals.$2fast$0(OCoLC)fst01411641
=710  2\$aOxford Economics (Firm)
=710  2\$aSeerist (Firm)
=710  2\$aControl Risks (Firm)
=859  \\$aELD$bejournal
=856  4\$uhttps://my.oxfordeconomics.com/$zTo subscribe
=985  \\$aMay be able to record these from the issue date in the email - all/most? may have this info included.
=985  \\$aIssues also viewed (11/10/23): Earliest: 9 May 2022 United Kingdom issue; Latest: 4 October 2023 Saudi Arabia political overview /country political profile - landing page title has same "Country political profile" title as in email.
=985  \\$anew bodies; London offices of them based at same address on Companies House - e.g. Seerist UK Limited; Control Risks Limited etc; Control Risks Group = BLL12;
=CAT  \\$a3072$b40$c20231010$lBLL01$h1749
=CAT  \\$a3072$b40$c20231011$lBLL01$h1444
=CAT  \\$a3072$b40$c20231011$lBLL01$h1726
=CAT  \\$a3072$b40$c20231012$lBLL01$h1147
=CAT  \\$a3072$b40$c20231012$lBLL01$h1148
=CAT  \\$a3072$b40$c20231012$lBLL01$h1235
=CAT  \\$a3072$b40$c20231012$lBLL01$h1235
=LET  \0$aCountry political profile (Electronic)
=LAS  \\$a3072$b40$c20231012$lBLL01$h1235

