=LDR  01858nas a2200469 i 4500
=001  021246779
=003  Uk
=005  20231011111505.0
=006  m\\\\\|\\d\|\\\\\\
=007  cr\|||||||||||
=008  231011c20229999enkar\\\o\s\\o0\\\a0eng\\
=FMT  \\$a  SE
=015  \\$aGBC3J7538$2bnb
=040  \\$aUk$beng$cUk$erda
=042  \\$aukblsr
=082  04$a364.3$223
=245  00$aHM Inspectorate of Probation annual report ... Serious further offences /$cHM Inspectorate of Probation.
=246  30$aAnnual report ... Serious further offences
=264  \1$a[Manchester] :$bHM Inspectorate of Priobation,$c2022-
=300  \\$billustrations (colour), maps (colour)
=310  \\$aAnnual
=336  \\$atext$2rdacontent
=337  \\$acomputer$2rdamedia
=338  \\$aonline resource$2rdacarrier
=362  0\$a2022-
=500  \\$aTitle from PDF cover (publisher's website, viewed October 11, 2023).
=588  \\$aLatest issue consulted: 2023 (viewed October 11, 2023).
=650  \7$aRecidivism.$2fast$0(OCoLC)fst01091365
=651  \7$aEngland.$2fast$0(OCoLC)fst01219920
=651  \7$aWales.$2fast$0(OCoLC)fst01207649
=655  \7$aStatistics.$2fast$0(OCoLC)fst01423727
=655  \7$aAnnual reports.$2fast$0(OCoLC)fst01919893
=655  \7$aPeriodicals.$2fast$0(OCoLC)fst01411641
=710  1\$aGreat Britain.$bHM Inspectorate of Probation,$eissuing body.
=856  4\$uhttps://www.justiceinspectorates.gov.uk/hmiprobation/search?s=serious+further+offences.$zFollow links to resource
=859  \\$aELD$bejournal
=985  \\$aDo not confuse with Ministry of Justice: Serious further offences, a National Statistics publication on 020050135
=985  \\$aWFH record (CS) 2023
=CAT  \\$a8124$b40$c20231011$lBLL01$h1115
=FIN  \\$aY$d20231011
=LET  \0$aSerious further offences (Electronic)
=LAS  \\$a8124$b40$c20231011$lBLL01$h1115

