=LDR  02264nas a2200505 i 4500
=001  021246898
=003  Uk
=005  20231012123557.0
=006  m\\\\\|\\d\|\\\\\\
=007  cr\|||||||||||
=008  231011c20229999enk\x\\\o\\\\\0\\\a0eng\\
=FMT  \\$a  SE
=040  \\$aUk$beng$cUk$erda
=042  \\$aukblsr
=082  04$a320.9$223
=245  00$aPolitical briefings.
=246  1\$iSearch screen variant:$aPolitical analysis.$pPolitical briefings
=264  \1$a[Oxford] :$b[Oxford Economics],$c2022-
=310  \\$aIrregular
=336  \\$atext$2rdacontent
=337  \\$acomputer$2rdamedia
=338  \\$aonline resource$2rdacarrier
=362  1\$aBegan in 2022.
=520  \\$a"Prepared by Seerist, Political Briefings provide timely and in-depth analysis of political issues such as policy announcements, elections, political events, and emerging scenarios" - Oxford Economics website.
=500  \\$aIssues lack country/region name, and may lack specific issue date: that data is on the website and sometimes in the publisher's email; issues have theme titles.
=550  \\$a"Brought to you by Seerist and Control Risks" - foot of PDF.
=588  \\$aDescription based on: Kazakhstan issue [22 Sept 2023]; title from email subject line (email sent 22/9/23).
=650  \7$aPolitics and government.$2fast$0(OCoLC)fst01919741
=650  \7$aGovernment policy.$2fast$0(OCoLC)fst01353198
=650  \7$aElections.$2fast$0(OCoLC)fst00904324
=650  \7$aWorld politics.$2fast$0(OCoLC)fst01181381
=655  \7$aPeriodicals.$2fast$0(OCoLC)fst01411641
=710  2\$aOxford Economics (Firm)
=710  2\$aSeerist (Firm)
=710  2\$aControl Risks (Firm)
=856  4\$uhttps://my.oxfordeconomics.com/$zTo subscribe
=859  \\$aELD$bejournal
=985  \\$aThe date the email was sent is recorded.
=985  \\$aIssues also viewed (11/10/23): Earliest: 14 April 2022 Global issue; Latest: 11 October 2023 Peru issue - landing page title has same "Political briefings" title as in email.
=985  \\$anew bodies.
=CAT  \\$a3072$b40$c20231011$lBLL01$h1443
=CAT  \\$a3072$b40$c20231011$lBLL01$h1726
=CAT  \\$a3072$b40$c20231012$lBLL01$h1235
=LET  \0$aPolitical briefings - (Electronic)
=LAS  \\$a3072$b40$c20231012$lBLL01$h1235

