=LDR  01327nas a2200349 i 4500
=001  021247961
=003  Uk
=005  20231012095643.0
=006  m\\\\\|\\d\|\\\\\\
=007  cr\|||||||||||
=008  231012c20uu9999enkar\\\o\\\\\0\\\a0eng\\
=FMT  \\$a  SE
=040  \\$aUk$beng$cUk$erda
=042  \\$aissnuk$aukblsr
=082  04$a332.6327$223
=110  2\$aEdinburgh Investment Trust plc,$eauthor.
=245  10$aAnnual financial report /$cEdinburgh Investment Trust plc.
=264  \1$a[Edinburgh] :$b[Edinburgh Investment Trust]
=310  \\$aAnnual
=336  \\$atext$2rdacontent
=337  \\$acomputer$2rdamedia
=338  \\$aonline resource$2rdacarrier
=588  \\$aDescription based on: 2011; title from PDF title page (Edinburgh Investment Trust Web site, viewed October 12, 2023).
=588  \\$aLatest issue consulted: 2023 (viewed October 12, 2023).
=610  27$aEdinburgh Investment Trust plc$2fast$0(OCoLC)fst02062015
=655  \7$aAnnual reports.$2fast$0(OCoLC)fst01919893
=856  4\$uhttps://www.edinburgh-investment-trust.co.uk/results-news-and-documents$zFollows links to the resource
=859  \\$aELD$bejournal
=CAT  \\$a8483$b40$c20231012$lBLL01$h0956
=FIN  \\$aY$d20231012
=LET  \0$aAnnual financial report - Edinburgh Investment Trust plc
=LAS  \\$a8483$b40$c20231012$lBLL01$h0956

