=LDR  01695nas a2200445 i 4500
=001  021248006
=003  Uk
=005  20231012113213.0
=006  m\\\\\|\\d\|\\\\\\
=007  cr\|||||||||||
=008  231012c20189999enkar\p\o\\\\\0\\\a0eng\\
=FMT  \\$a  SE
=040  \\$aUk$beng$cUk$erda
=042  \\$aissnuk$aukblsr
=082  04$a332.6327$223
=110  2\$aSmithson Investment Trust plc,$eauthor.
=245  10$aAnnual report /$cSmithson Investment Trust plc.
=246  1\$i2018/2019 issue entitled:$aReport and accounts
=264  \1$aLondon :$bSmithson Investment Trust
=300  \\$billustrations (black and white)
=310  \\$aAnnual
=336  \\$atext$2rdacontent
=337  \\$acomputer$2rdamedia
=338  \\$aonline resource$2rdacarrier
=362  1\$aBegan with the report for the period 14 August 2018 to 31 December 2019.
=500  \\$aUpdated half-yearly by an interim report.
=588  \\$aDescription based on: 2020; title from PDF cover (Smithson Investment Trust Web site, viewed October 12, 2023).
=588  \\$aLatest issue consulted: report for the year ended 31 December 2022 (viewed October 12, 2023).
=610  27$aSmithson Investment Trust.$2fast
=655  \7$aAnnual reports.$2fast$0(OCoLC)fst01919893
=740  02$aInterim report.
=856  40$uhttps://www.smithson.co.uk/documents/$zFollow links to resource
=859  \\$aELD$bejournal
=985  \\$aAC: 110 / 610 not on NACO.
=CAT  \\$a8483$b40$c20231012$lBLL01$h1126
=CAT  \\$a8483$b40$c20231012$lBLL01$h1127
=CAT  \\$a8483$b40$c20231012$lBLL01$h1132
=FIN  \\$aY$d20231012
=LET  \0$aAnnual report - Smithson Investment Trust plc.
=LAS  \\$a8483$b40$c20231012$lBLL01$h1132

