=LDR  01578nas a2200433 i 4500
=001  021248047
=003  Uk
=005  20231012124105.0
=006  m\\\\\|\\d\|\\\\\\
=007  cr\|||||||||||
=008  231012c19609999enkfr\j\o\\\\\0\\\a0eng\\
=FMT  \\$a  SE
=040  \\$aUk$beng$cUk$erda
=042  \\$aukblsr
=082  04$a634.8$223
=245  04$aThe grape press.
=264  \1$aScaynes Hill :$bUnited Kingdom Vineyards Association
=264  31$aMarket Harborough :$bWines of Great Britain Ltd
=300  \\$aillustrations (black and white, and colour)
=310  \\$aSemiannual
=336  \\$atext$2rdacontent
=337  \\$acomputer$2rdamedia
=338  \\$aonline resource$2rdacarrier
=588  \\$aDescription based on print version record.
=588  \\$aLatest issue consulted: volume 179 (July 2023), supplied by publisher.
=650  \7$aWine and wine making.$2fast$0(OCoLC)fst01175907
=651  \7$aGreat Britain.$2fast$0(OCoLC)fst01204623
=655  \7$aPeriodicals.$2fast$0(OCoLC)fst01411641
=710  2\$aUnited Kingdom Vineyards Association,$eissuing body.
=710  2\$aWines of Great Britain,$eissuing body.
=776  08$iAlso issued in print as:$tGrape press
=856  4\$uhttps://winegb.co.uk/$zMembership log in required
=859  \\$aELD$bejournal
=CAT  \\$a8483$b40$c20231012$lBLL01$h1239
=CAT  \\$a8483$b40$c20231012$lBLL01$h1241
=FIN  \\$aY$d20231012
=LET  \4$aThe Grape Press (Electronic)
=LKR  \\$aPAR$b010844539$lBLL01$r776$mThe grape press (Online)$nThe grape press (Print)
=LAS  \\$a8483$b40$c20231012$lBLL01$h1241

