=LDR  02049nas a2200481 i 4500
=001  021253395
=003  Uk
=005  20231016132856.0
=006  m\\\\\|\\d\|\\\\\\
=007  cr\|||||||||||
=008  231016c20199999enkar\\\o\\\\\0\\\a0eng\\
=FMT  \\$a  SE
=040  \\$aUk$beng$cUk$erda
=042  \\$aukblsr
=082  04$a332.6327$223
=110  2\$aOctopus Renewables Infrastructure Trust plc,$eauthor.
=245  10$aAnnual report /$cOctopus Renewables Infrastructure Trust plc.
=246  13$aORIT annual report
=264  \1$a[London] :$bOctopus Renewables Infrastructure Trust plc
=310  \\$aAnnual
=336  \\$atext$2rdacontent
=337  \\$acomputer$2rdamedia
=338  \\$aonline resource$2rdacarrier
=362  0\$a2019/2020; 2021-
=500  \\$aUpdated half-yearly by an Interim report; quarterly factsheets are also issued.
=515  \\$aFirst issue covers: "For the period from 11 October 2019 to 31 December 2020"; then "for the year ended 31 December 2021" etc; updated half-yearly by an Interim report.
=588  \\$aTitle from PDF cover (publisher's website, viewed October 16, 2023).
=588  \\$aLatest issue consulted: 2022 viewed October 16, 2023).
=610  27$aOctopus Renewables Infrastructure Trust plc.$2fast$0(OCLC)
=655  \7$aAnnual reports.$2fast$0(OCoLC)fst01919893
=710  2\$aOctopus Renewables Infrastructure Trust plc.
=710  22$aOctopus Renewables Infrastructure Trust plc.$tInterim report.
=710  22$aOctopus Renewables Infrastructure Trust plc.$tFactsheet.
=856  4\$uhttps://www.octopusrenewablesinfrastructure.com/all-reports-publications-retail$zFollow links to resource
=859  \\$aELD$bejournal
=985  \\$aNew body.
=CAT  \\$a3072$b40$c20231016$lBLL01$h1252
=CAT  \\$a3072$b40$c20231016$lBLL01$h1313
=CAT  \\$a3072$b40$c20231016$lBLL01$h1319
=CAT  \\$a3072$b40$c20231016$lBLL01$h1328
=FIN  \\$aY$d20231016
=LET  \0$aAnnual report - Octopus Renewables Infrastructure Trust plc (Electronic)
=LAS  \\$a3072$b40$c20231016$lBLL01$h1328

