=LDR  03133nas a2200601 i 4500
=001  021253623
=003  Uk
=005  20231017093510.0
=006  m\\\\\|\\d\|\\\\\\
=007  cr\|||||||||||
=008  231017c20219999enkar\\\o\\\\\0\\\a0eng\\
=FMT  \\$a  SE
=015  \\$aGBC3K0040$2bnb
=040  \\$aUk$beng$cUk$erda
=042  \\$aukblsr
=082  04$a362.11094225$223
=245  00$aNHS adult inpatient survey ... benchmark report.$bUniversity Hospitals Sussex NHS Foundation Trust.
=246  3\$aNational Health Service adult inpatient survey ... benchmark report.$pUniversity Hospitals Sussex NHS Foundation Trust
=246  30$aUniversity Hospitals Sussex NHS Foundation Trust.
=246  1\$iPDF running title:$aAdult inpatient survey ... University Hospitals Sussex NHS Foundation Trust
=264  \1$a[London?] :$bCare Quality Commission
=300  \\$billustrations (colour)
=310  \\$aAnnual
=336  \\$atext$2rdacontent
=337  \\$acomputer$2rdamedia
=338  \\$aonline resource$2rdacarrier
=362  0\$a2021-
=500  \\$aTitle from PDF cover (nhssurveys.org, viewed October 17, 2023).
=588  \\$aLatest issue consulted: 2022 (viewed October 17, 2023).
=610  27$aUniversity Hospitals Sussex NHS Foundation Trust$2fast$0(OCoLC)fst02062049
=650  \7$aHospital care.$2fast$0(OCoLC)fst00960937
=650  \7$aMedical care surveys.$2fast$0(OCoLC)fst01013897
=650  \7$aPatient satisfaction$xEvaluation.$2fast$0(OCoLC)fst01055028
=651  \7$aEngland$zEast Sussex.$2fast$0(OCoLC)fst01202743
=651  \7$aEngland$zWest Sussex.$2fast$0(OCoLC)fst01202685
=655  \7$aPeriodicals.$2fast$0(OCoLC)fst01411641
=655  \7$aStatistics.$2fast$0(OCoLC)fst01423727
=710  1\$aGreat Britain.$bCare Quality Commission,$eissuing body.
=710  2\$aIpsos MORI (Firm),$eissuing body.
=780  04$tNHS adult inpatient survey benchmark report. Brighton and Sussex University Hospitals NHS Trust
=780  04$tNHS adult inpatient survey benchmark report. Western Sussex Hospitals NHS Foundation Trust
=856  40$uhttps://nhssurveys.org/surveys/survey/02-adults-inpatients/$zFollow links to select year, then A-Z list to resource
=859  \\$aELD$bejournal
=CAT  \\$a8483$b40$c20231017$lBLL01$h0928
=CAT  \\$a8483$b40$c20231017$lBLL01$h0928
=CAT  \\$aBATCH-UPD$b40$c20231017$lBLL01$h0928
=CAT  \\$a8483$b40$c20231017$lBLL01$h0934
=CAT  \\$a8483$b40$c20231017$lBLL01$h0935
=FIN  \\$aY$d20231017
=LET  \0$aNHS adult inpatient survey benchmark report. University Hospitals Sussex NHS Foundation Trust (Electronic)
=LKR  \\$aPAR$b020426840$lBLL01$r78004$mNHS adult inpatient survey ... benchmark report. University Hospitals Sussex NHS Foundation Trust.$nNHS adult inpatient survey ... benchmark report. Brighton and Sussex University Hospitals NHS Trust
=LKR  \\$aPAR$b020487408$lBLL01$r78004$mNHS adult inpatient survey ... benchmark report. University Hospitals Sussex NHS Foundation Trust.$nNHS adult inpatient survey ... benchmark report. Western Sussex Hospitals NHS Foundation Trust
=LAS  \\$a8483$b40$c20231017$lBLL01$h0935

