=LDR  02099cas a2200541 i 4500
=001  018606868
=003  Uk
=005  20221020115402.0
=006  m\\\\\\\\d\|\\\\\\
=007  cr||||||||||||
=008  171113d20192019enk\x\p\o\\\\\0\\\a0eng\\
=FMT  \\$a  SE
=022  0\$a2516-0192$202
=040  \\$aUk$beng$cUk$erda
=042  \\$aissnuk$aukblsr
=082  04$a551.524605$223
=222  \0$aJournal of ocean and climate
=245  00$aJournal of ocean and climate :$bscience, technology and impacts.
=264  \1$aLondon :$bSAGE Publications Ltd
=300  \\$billustrations (black and white and colour), maps (colour)
=336  \\$atext$2rdacontent
=337  \\$acomputer$2rdamedia
=338  \\$aonline resource$2rdacarrier
=362  0\$aVolume 9 (January-December 2019).
=500  \\$aTitle from PDF article (SAGE journals, viewed March 1, 2021).
=515  \\$aArticles added consecutively to current volume.
=580  \\$aIncludes issues of earlier title: International journal of ocean and climate systems.
=650  \0$aMarine meteorology$vPeriodicals.
=650  \0$aOcean temperature$vPeriodicals.
=650  \0$aOcean-atmosphere interaction$vPeriodicals.
=780  10$tInternational journal of ocean and climate systems$x1759-314X
=859  \\$aELD$bejournal
=856  4\$uhttp://journals.sagepub.com/home/ocs$xOA-J
=985  \\$aISSN UK Centre note: ROAD OA
=985  \\$aRecord in error status - coding removed temporarily (see Richard)
=985  \\$aVol 9 accessioned against the previous title at 014790155.
=CAT  \\$a11313$b40$c20171113$lBLL01$h0839
=CAT  \\$a11205$b40$c20180321$lBLL01$h1328
=CAT  \\$a11205$b40$c20180321$lBLL01$h1333
=CAT  \\$a8483$b40$c20210301$lBLL01$h1145
=CAT  \\$a10806$b40$c20210305$lBLL01$h0957
=CAT  \\$a10806$b40$c20210305$lBLL01$h1013
=CAT  \\$a8483$b40$c20210308$lBLL01$h0854
=CAT  \\$a8483$b40$c20210308$lBLL01$h0858
=CAT  \\$a8483$b40$c20221020$lBLL01$h1154
=FIN  \\$aY$d20180321
=LET  \0$aJournal of ocean and climate (Electronic)
=LAS  \\$a8483$b40$c20221020$lBLL01$h1154

