=LDR  01971aas a2200529 i 4500
=001  019963384
=003  Uk
=005  20210325163232.0
=006  m\\\\\\\\d\|\\\\\\
=007  cr||||||||||||
=008  201001c20209999enkar\p\o\\\\\0\\\a0eng\\
=FMT  \\$a  SE
=015  \\$aGBC145508$2bnb
=022  0\$a2635-0246$202
=040  \\$aUk$beng$cUk$dUk$erda
=042  \\$aissnuk$aukblsr
=082  04$a658.403005$223
=222  \0$aChinese journal of decision sciences
=245  00$6880-01$aChinese journal of decision sciences =$bZhongguo jue ce ke xue za zhi.
=246  13$aCJDS
=246  11$6880-02$aZhongguo jue ce ke xue za zhi
=264  \1$aLondon, UK :$bRoman Science Publications,$c2020-
=310  \\$aAnnual
=336  \\$atext$2rdacontent
=337  \\$acomputer$2rdamedia
=338  \\$aonline resource$2rdacarrier
=362  0\$aVol. 1, no. 1 (2020)-
=500  \\$aTitle from journal home page (publisher's website, viewed March 23, 2021).
=588  \\$aLatest issue consulted: vol. 1, no. 2 (2021) (viewed March 23, 2021).
=650  \0$aDecision making$vPeriodicals.
=650  \0$aDecision support systems$vPeriodicals.
=650  \0$aManagement information systems$vPeriodicals.
=856  40$uhttps://romanpub.com/cjds.php$xOA-J
=859  \\$aELD$bejournal
=880  00$6245-01$aChinese journal of decision sciences =$b中国决策科学杂志.
=880  11$6246-02$a中国决策科学杂志
=985  \\$atitle from article pdf (publisher's website, viewed October 1 2020).
=985  \\$aISSN UK Centre note: ROAD OA
=CAT  \\$a11313$b40$c20201001$lBLL01$h1231
=CAT  \\$a11313$b40$c20201001$lBLL01$h1232
=CAT  \\$a3072$b40$c20210323$lBLL01$h1656
=CAT  \\$a13876$b40$c20210324$lBLL01$h1651
=CAT  \\$a13876$b40$c20210325$lBLL01$h1631
=CAT  \\$a13876$b40$c20210325$lBLL01$h1632
=FIN  \\$aY$d20201001
=LET  \0$aChinese journal of decision sciences (Electronic)
=LAS  \\$a13876$b40$c20210325$lBLL01$h1632

