=LDR  02103aas a2200529 i 4500
=001  020329459
=003  Uk
=005  20220110134126.0
=006  m\\\\\\\\d\|\\\\\\
=007  cr||||||||||||
=008  210916c20219999enkqr\p\o\\\\\0\\\e0chi\\
=FMT  \\$a  SE
=015  \\$aGBC200189$2bnb
=022  0\$a2754-768X$202
=040  \\$aUk$beng$cUk$erda
=042  \\$aissnuk$aukblsr
=082  04$a618.05$223
=222  \0$aGuo ji fu chan ke yan jiu
=245  00$6880-01$aGuo ji fu chan ke yan jiu =$bInternational journal of obstetrics and gynecology.
=246  31$aInternational journal of obstetrics and gynecology
=264  \1$6880-02$aLundun = London :$bKai fang huo qu qi kan yan jiu zhong xin = Open Access Journal Research Center
=310  \\$aQuarterly
=336  \\$atext$2rdacontent
=337  \\$acomputer$2rdamedia
=338  \\$aonline resource$2rdacarrier
=362  0\$a1:1 (2021)-
=500  \\$aTitle from PDF thumbnail (publisher's website, viewed January 5, 2021).
=650  \0$aObstetrics$vPeriodicals.
=650  \0$aGynecology$vPeriodicals.
=856  40$uhttps://ijog.oajrc.org/$xOA-J
=859  \\$aELD$bejournal
=880  00$6245-01$a国际妇产科研究 =$bInternational journal of obstetrics and gynecology.
=880  \1$6264-02$a伦敦 = London :$b开放获取期刊研究中心 = Open Access Journal Research Center
=985  \\$aISSN description based on: 1:1 (2021) = 2021 nian di 1 juan di 1 qi; title from journal homepage (publisher's website, viewed September 27, 2021).
=985  \\$aISSN UK Centre: ROAD-OA.
=985  \\$aWFH record (CS) 2022
=CAT  \\$a11313$b40$c20210916$lBLL01$h0851
=CAT  \\$a13876$b40$c20210927$lBLL01$h1451
=CAT  \\$a11313$b40$c20210927$lBLL01$h1542
=CAT  \\$a10973$b40$c20211101$lBLL01$h1409
=CAT  \\$a10973$b40$c20211101$lBLL01$h1410
=CAT  \\$a8124$b40$c20220105$lBLL01$h1353
=CAT  \\$a13876$b40$c20220110$lBLL01$h1341
=FIN  \\$aY$d20211101
=LET  \0$aInternational journal of obstetrics and gynecology (Electronic)
=MNI  \\$a2754-768X
=LAS  \\$a13876$b40$c20220110$lBLL01$h1341

