=LDR  01970cas a2200529 i 4500
=001  020385123
=003  Uk
=005  20220106162847.0
=006  m\\\\\\\\d\|\\\\\\
=007  cr||||||||||||
=008  211108c20219999enkqr\p\o\\\\\0\\\a0eng\\
=FMT  \\$a  SE
=015  \\$aGBC200290$2bnb
=022  0\$a2754-4524$202
=040  \\$aUk$beng$cUk$erda
=042  \\$aissnuk$aukblsr
=082  04$a610.71$223
=210  0\$aInt. j. healthc. simul.
=222  \0$aInternational journal of healthcare simulation
=245  00$aInternational journal of healthcare simulation :$badvances in theory and practice.
=246  3\$aIJoHS
=264  \1$a[London] :$b[Adi Health + Wellness],$c2021-
=310  \\$aQuarterly
=336  \\$atext$2rdacontent
=337  \\$acomputer$2rdamedia
=338  \\$aonline resource$2rdacarrier
=362  0\$aVolume 1, issue 1 (October 2021)-
=500  \\$aTitle from thumbnail cover (viewed November 8, 2021).
=550  \\$aOfficial journal of Society for Healthcare Simulation and Pan Asia Simulation Society in Healthcare.
=650  \0$aMedicine$xStudy and teaching$xSimulation methods$vPeriodicals.
=650  \0$aMedical care$xsimulation
=650  \0$aMedical care$xSimulation methods$vPeriodicals.
=710  2\$aPan Asia Simulation Society in Healthcare,$eissuing body.
=710  2\$aSociety for Healthcare Simulation,$eissuing body.
=856  40$uhttps://www.ijohs.com/$xOA-J
=859  \\$aELD$bejournal
=985  \\$aISSN UK Centre note: ROAD OA
=CAT  \\$a10806$b40$c20211108$lBLL01$h0827
=CAT  \\$a10806$b40$c20211109$lBLL01$h0840
=CAT  \\$a10806$b40$c20211109$lBLL01$h0858
=CAT  \\$a10806$b40$c20211117$lBLL01$h1427
=CAT  \\$a3072$b40$c20220106$lBLL01$h1556
=CAT  \\$a3072$b40$c20220106$lBLL01$h1557
=CAT  \\$a3072$b40$c20220106$lBLL01$h1628
=FIN  \\$aY$d20211117
=LET  \0$aInternational journal of healthcare simulation (Electronic)
=LAS  \\$a3072$b40$c20220106$lBLL01$h1628

