=LDR  01834aas a2200493 i 4500
=001  019215472
=003  Uk
=005  20190314121950.0
=006  m\\\\\\\\d\|\\\\\\
=007  cr||||||||||||
=008  190118c20189999enkfr\p\o\\\\\0\\\a0eng\\
=FMT  \\$a  SE
=015  \\$aGBB948263$2bnb
=022  0\$a2632-1343$y2517-8121$202
=040  \\$aUk$beng$cUk$erda
=042  \\$aissnuk$aukblsr
=082  04$a340.05$223
=222  \0$aWolverhampton law journal$b(Online)
=245  00$aWolverhampton law journal.
=246  30$aWLJ
=264  \1$aWolverhampton, United Kingdom :$bLaw Research Centre at the University of Wolverhampton,$c2018-
=300  \\$billustrations (black and white)
=310  \\$aSemiannual
=336  \\$atext$2rdacontent
=337  \\$acomputer$2rdamedia
=338  \\$aonline resource$2rdacarrier
=362  0\$aVolume 1, issue 1-
=500  \\$aTitle from: journal home page (Publisher's Web site, viewed March 14, 2019).
=650  \0$aLaw$vPeriodicals.
=650  \0$aCriminal justice, Administration of$vPeriodicals.
=710  2\$aUniversity of Wolverhampton.$bLaw Research Centre.
=776  08$iAlso issued in print as:$tWolverhampton law journal$x2517-8121
=856  40$uhttps://www.wlv.ac.uk/research/institutes-and-centres/law-research-centre/wolverhampton-law-journal/$xOA-J
=859  \\$aELD$bejournal
=985  \\$aISSN UK Centre: ROAD-OA.
=CAT  \\$a10973$b40$c20190118$lBLL01$h1435
=CAT  \\$a8871$b40$c20190122$lBLL01$h1702
=CAT  \\$a11205$b40$c20190214$lBLL01$h1118
=CAT  \\$a8124$b40$c20190314$lBLL01$h1219
=FIN  \\$aY$d20190118
=LET  \0$aWolverhampton law journal (Electronic)
=LKR  \\$aPAR$b018930475$lBLL01$r776$mWolverhampton law journal (Online)$nWolverhampton law journal (Print)
=MNI  \\$a2517-8121
=LAS  \\$a8124$b40$c20190314$lBLL01$h1219

