=LDR  01731 as a2200469 i 4500
=001  018272870
=003  Uk
=005  20210406115628.0
=006  m\\\\\\\\d\|\\\\\\
=007  cr||||||||||||
=008  170323c20079999uiktr\p\o\\\\\0\\\a0eng\\
=FMT  \\$a  SE
=015  \\$aGBC153453$2bnb
=022  0\$a2514-5517$202
=040  \\$aUk$beng$cUk$erda
=042  \\$aissnuk$aukblsr
=082  04$a349.42341$223
=210  0\$aJersey Guernsey law rev.$b(Online)
=222  \4$aThe Jersey & Guernsey law review$b(Online)
=245  04$aThe Jersey & Guernsey law review.
=264  \1$a[Jersey] :$bJersey Legal Information Board,$c2007-
=310  \\$aThree times a year
=336  \\$atext$2rdacontent
=337  \\$acomputer$2rdamedia
=338  \\$aonline resource$2rdacarrier
=362  1\$aBegan with issue 1 (2007).
=588  \\$aDescription based on: issue 2 (2015); title from PDF article (Jersey Legal Information Board website, viewed March 23, 2017).
=588  \\$aLatest issue consulted: issue 3 (2018), viewed April 6, 2021.
=515  \\$aArticles are added consecutively to current issue and archived in volumes.
=650  \0$aLaw$zJersey$vPeriodicals.
=650  \0$aLaw$zGuernsey$vPeriodicals.
=710  2\$aJersey Legal Information Board,$eissuing body.
=780  00$tJersey law review
=859  \\$aELD$bejournal
=856  40$uhttps://www.jerseylaw.je/publications/jglr/Pages/search.aspx$xOA-J
=985  \\$aISSN UK Centre note: ROAD OA
=CAT  \\$a10806$b40$c20170323$lBLL01$h1044
=CAT  \\$a7332$b40$c20170809$lBLL01$h1106
=CAT  \\$a8483$b40$c20210406$lBLL01$h1156
=FIN  \\$aY$d20170323
=LET  \4$aThe Jersey & Guernsey law review (Electronic)
=LAS  \\$a8483$b40$c20210406$lBLL01$h1156

