=LDR  01940cas a2200493 i 4500
=001  017042372
=003  Uk
=005  20211202101824.0
=006  m\\\\\\\\d\|\\\\\\
=007  cr||||||||||||
=008  150205c20159999enkfr\p\o\\\\\0\\\a0eng\\
=FMT  \\$a  SE
=015  \\$aGBC1K2474$2bnb
=022  0\$a2058-489X$202
=040  \\$aUk$beng$cUk$erda
=042  \\$aissnuk$aukblsr
=082  04$a616.2$223
=222  \0$aEuropean respiratory & pulmonary diseases$b(Online)
=245  00$aEuropean respiratory & pulmonary diseases
=264  \1$aGoring on Thames :$bTouch Digital Media Ltd
=300  \\$billustrations (colour)
=310  \\$aSemiannual
=336  \\$atext$2rdacontent
=337  \\$acomputer$2rdamedia
=338  \\$aonline resource$2rdacarrier
=362  0\$aVolume 1, issue 1 (summer 2015)-
=500  \\$aTitle from pdf caption (publisher's Web site, viewed April 26, 2016).
=588  \\$aLatest issue consulted: volume 7, issue 1, supplement (2021), viewed December 2, 2021.
=650  \0$aRespiratory organs$xDiseases$vPeriodicals.
=650  \0$aLungs$xDiseases$vPeriodicals.
=776  08$iAlso issued in print as:$tEuropean respiratory & pulmonary diseases$x2058-4881
=859  \\$aELD$bejournal
=856  4\$uhttp://www.touchrespiratory.com/journals/european-respiratory-pulmonary-diseases$xOA-J
=985  \\$aISSN UK Centre note: ROAD OA.
=CAT  \\$a11315$b40$c20150205$lBLL01$h1129
=CAT  \\$a11313$b40$c20150617$lBLL01$h1445
=CAT  \\$a5997$b40$c20160426$lBLL01$h0800
=CAT  \\$a5997$b40$c20160426$lBLL01$h0803
=CAT  \\$a11313$b40$c20160606$lBLL01$h1348
=CAT  \\$a8483$b40$c20211202$lBLL01$h1018
=FIN  \\$aY$d20160426
=LET  \0$aEuropean respiratory & pulmonary diseases (Electronic)
=LKR  \\$aPAR$b017042371$lBLL01$r776$mEuropean respiratory & pulmonary diseases (Online)$nEuropean respiratory & pulmonary diseases (Print)
=LAS  \\$a8483$b40$c20211202$lBLL01$h1018

