=LDR  01808aas a2200541 i 4500
=001  017586596
=003  Uk
=005  20201102114409.0
=006  m\\\\\\\\d\|\\\\\\
=007  cr||||||||||||
=008  151019c20159999enkuu\p\o\\\\\0\\\a0ara\\
=FMT  \\$a  SE
=022  0\$a2397-0308$202
=040  \\$aUk$beng$cUk$dUk$erda
=041  0\$aara$beng
=042  \\$aissnuk$aukblsr
=082  04$a370$223
=222  \0$aJournal$b(Global Institute for Study & Research)
=245  00$aJournal /$cGlobal Institute for Study & Research.
=246  13$aGISR-J
=246  13$aGlobal Institute for Study and Research journal
=264  \1$aLondon :$bGISR,$c2015-
=310  \\$aMonthly
=336  \\$atext$2rdacontent
=337  \\$acomputer$2rdamedia
=338  \\$aonline resource$2rdacarrier
=362  0\$aVol. 1, no. 1 (June 2015)-
=500  \\$aTitle from PDF cover.
=546  \\$aIn Arabic, with abstract in English.
=650  \0$aEducation$vPeriodicals.
=650  \0$aResearch$vPeriodicals.
=710  2\$aGlobal Institute for Study & Research,$eissuing body.
=856  40$uhttp://www.gisr.org.uk/$xOA-J
=859  \\$aELD$bejournal
=985  \\$aCatalogued via VPN October 2020.
=985  \\$aISSN UK Centre note: ROAD OA
=CAT  \\$a11313$b40$c20151019$lBLL01$h1426
=CAT  \\$a11313$b40$c20151019$lBLL01$h1427
=CAT  \\$a11313$b40$c20151019$lBLL01$h1433
=CAT  \\$a11313$b40$c20151019$lBLL01$h1436
=CAT  \\$a8871$b40$c20151021$lBLL01$h1414
=CAT  \\$a11313$b40$c20151022$lBLL01$h0911
=CAT  \\$a3072$b40$c20201015$lBLL01$h1721
=CAT  \\$a3072$b40$c20201015$lBLL01$h1722
=CAT  \\$a3072$b40$c20201102$lBLL01$h1144
=FIN  \\$aY$d20151019
=LET  \0$aJournal (Global Institute for Study and Research. Electronic)
=LAS  \\$a3072$b40$c20201102$lBLL01$h1144

