=LDR  02983aas a2200673 a 4500
=001  013686749
=003  Uk
=005  20140415085219.0
=006  m\\\\\o\\d\\\\\\\\
=007  cr\cnu||||||||
=008  080227d20082010enk\x\pso\\\\\0\\\a0eng\c
=010  \\$a2009250546
=015  \\$aGBB401142$2bnb
=022  0\$a1754-0429$202
=035  \\$a(OCoLC)212231605$z(OCoLC)264852358
=040  \\$aCIT$beng$cCIT$dKSU$dBUF$dOCLCQ$dOCLCO$dOCLCQ$dUk
=042  \\$aissnuk$aukblsr
=082  04$a530$222
=222  \0$aPMC physics B
=245  00$aPMC physics.$nB$h[electronic resource].
=246  30$aPhysics.$nB
=246  3\$aPhysMath Central physics.$nB
=260  \\$aLondon :$bPhysMath Central,$c2008-2010.
=336  \\$atext$2rdacontent
=337  \\$acomputer$2rdamedia
=338  \\$aonline resource$2rdacarrier
=362  0\$a1:1 (4 Feb. 2008)-3:4 (7 October 2010).
=515  \\$aArticles are continuously posted as they are accepted for publication, one volume per year.
=520  \\$a"PMC Physics B is an international, peer-reviewed, open access journal that publishes articles on condensed matter, atomic, molecular and optical physics and the interfaces between these areas."--Aims & scope (publisher's Web site, viewed Feb.27, 2008).
=538  \\$aMode of access: World Wide Web.
=540  \\$aCurrent Copyright Fee: GBP29.95$c0$5Uk
=588  \\$aDescription based on: 1:1 (4 Feb. 2008); title from journal home page (publisher's Web site, viewed July 22, 2009).
=588  \\$aLatest issue consulted: 3:4 (7 October 2010) (viewed Jan. 8, 2013).
=588  \\$aSpringer's STM division and BioMed Central are joining forces and will integrate PMC Physics A and PMC Physics B into a new initiative of the European Physical Journal (EPJ) EPJ.Open - info. from journal home home viewed Jan. 8, 2013.$5Uk
=650  \0$aCondensed matter$vPeriodicals.
=650  \0$aNuclear physics$vPeriodicals.
=650  \0$aMolecules$vPeriodicals.
=650  \0$aPhysical optics$vPeriodicals.
=787  08$iComplemented by:$tPMC physics. A$x1754-0410
=856  40$uhttp://www.physmathcentral.com/pmcphysb$xOA-J
=859  \\$aELD$bejournal
=985  \\$aDerived record had Biomed as publisher, but PhysMath on PDFs.
=985  \\$aISSN UK Centre note: ROAD OA
=CAT  \\$a11439$b40$c20070302$lBLL01$h1435
=CAT  \\$a11439$b40$c20070302$lBLL01$h1438
=CAT  \\$a6537$b40$c20080409$lBLL01$h1412
=CAT  \\$a3072$b40$c20140107$lBLL01$h1343
=CAT  \\$a3072$b40$c20140107$lBLL01$h1401
=CAT  \\$a3072$b40$c20140120$lBLL01$h1351
=CAT  \\$aBATCH-CLA$b00$c20140228$lBLL01$h1611
=CAT  \\$aIPL-CLA$c20140331$lBLL01$h1630
=CAT  \\$a11316$b40$c20140415$lBLL01$h0852
=CAT  \\$aW1711-1005$c20171206$lBLL01$h1820
=CFI  0\$aCurrent Copyright Fee: GBP29.95$c0$e01-apr-2014$fGBP29.95$g0$hC$5Uk
=FIN  \\$aY$d20080409
=FMT  \\$a  SE
=LAS  \\$aW1711-1005$b00$c20171206$lBLL01$h1820
=SID  \\$aZ39$bOCLC
=TCO  \\$aCLA$bCLA$c008

