=LDR  02038aas a2200505 i 4500
=001  016179103
=003  Uk
=005  20201119155300.0
=006  m\\\\\\\\d\|\\\\\\
=007  cr||||||||||||
=008  120928c20149999enkfr\p\o\\\\\0\\\a0eng\\
=FMT  \\$a  SE
=015  \\$aGBC0H8791$2bnb
=022  0\$a2051-3593$202
=040  \\$aUk$beng$cUk$erda
=042  \\$aissnuk$aukblsr
=082  04$a378.125$223
=210  0\$aJ. acad. dev. educ.
=222  \4$aThe journal of academic development and education
=245  04$aThe journal of academic development and education.
=246  13$aJADE
=264  \1$aKeele :$bLearning and Professional Development Centre, University of Keele,$c2014-
=310  \\$aSemiannual
=336  \\$atext$2rdacontent
=337  \\$acomputer$2rdamedia
=338  \\$aonline resource$2rdacarrier
=362  0\$aIssue 1 (January 2014)-
=500  \\$aTitle from PDF cover (publisher's website, viewed November 17, 2020).
=588  \\$aLatest issue consulted: issue 10 (August 2018) (viewed November 17, 2020).
=650  \0$aCollege teaching$zEngland$zKeele$vPeriodicals.
=710  2\$aUniversity of Keele,$eissuing body.
=775  0\$tJournal of academic development and education (Student edition)$x2634-9205
=856  4\$uhttp://jadekeele.wordpress.com/current-issue/$xOA-J
=859  \\$aELD$bejournal
=985  \\$aISSN UK Centre note: ROAD OA.
=985  \\$aISSN description based on: issue 1 (January 2014), viewed on publisher's website, March 12, 2014.
=CAT  \\$a11315$b40$c20120928$lBLL01$h1510
=CAT  \\$a11130$b40$c20131011$lBLL01$h1332
=CAT  \\$a11315$b40$c20140312$lBLL01$h1152
=CAT  \\$a8124$b40$c20201117$lBLL01$h1317
=CAT  \\$a8124$b40$c20201119$lBLL01$h1553
=FIN  \\$aY$d20140312
=LET  \4$aThe journal of academic development and education (Electronic)
=LKR  \\$aPAR$b020011812$lBLL01$r775$mJournal of academic development and education$nJournal of academic development and education. Student edition
=LAS  \\$a8124$b40$c20201119$lBLL01$h1553

