=LDR  01255 as a2200361 i 4500
=001  018837204
=003  Uk
=005  20180417145043.0
=006  m\\\\\|\\d\|\\\\\\
=007  cr\|||||||||||
=008  180417c20uu9999enk\x\p\o\\\\\0\\\a0eng\\
=FMT  \\$a  SE
=015  \\$aGBB871710$2bnb
=040  \\$aUk$beng$cUk$erda
=042  \\$aukblsr
=082  04$a796.334630942176$223
=245  00$aBlowing bubbles.
=246  1\$iMinor title change:$aBlowing bubbles monthlyl,$f#39 (August 2014)-
=264  \1$a[London] :$bBarking Dog Media
=300  \\$billustrations (colour)
=336  \\$atext$2rdacontent
=337  \\$acomputer$2rdamedia
=338  \\$aonline resource$2rdacarrier
=588  \\$aDescription based on: BB020; title from PDF cover (publisher's Web site, viewed April 17, 2018).
=588  \\$aLatest issue consulted: #78 (March 2018) (issuu.com website, viewed April 17, 2018).
=610  20$aWest Ham United (Soccer team)$vPeriodicals.
=856  4\$uhttp://www.blowing-bubbles.co.uk/$zTo subscribe
=856  40$uhttps://issuu.com/blowingbubbles
=859  \\$aELD$bejournal
=CAT  \\$a8483$b40$c20180417$lBLL01$h1450
=FIN  \\$aY$d20180417
=LET  \0$aBlowing bubbles monthly (Electronic)
=LAS  \\$a8483$b40$c20180417$lBLL01$h1450

