=LDR  02236 as a2200553 a 4500
=001  016255875
=003  Uk
=005  20140410135050.0
=006  m\\\\\\\\d\|\\\\\\
=007  cr||||||||||||
=008  130122d20092011wlkar\\\o\s\\o0\\\a0eng\\
=FMT  \\$a  SE
=015  \\$aGBB305108$2bnb
=040  \\$aUk$beng$cUk$dUk
=042  \\$aukblsr
=082  04$a363.728509429021$223
=245  00$aFly-tipping in Wales$h[electronic resource].
=260  \\$aCardiff :$bStatistical Directorate, Welsh Assembly Government,$c2009-2011.
=260  3\$aCardiff :$bKnowledge and Analytical Services, Welsh Government
=310  \\$aAnnual
=336  \\$atext$2rdacontent
=337  \\$acomputer$2rdamedia
=338  \\$aonline resource$2rdacarrier
=362  0\$a2008/09 (SDR 150/2009)-2010/11 (SDR 124/2011).
=490  1\$aFirst release =$aDatganiad cyntaf
=515  \\$aAlso carries numbering of main series with SB prefix.
=538  \\$aMode of access: World Wide Web.
=538  \\$aSystem requirements: Adobe Acrobat Reader.
=550  \\$aAt head of title: Ystadegau ar gyfer Cymru = Statistics for Wales.
=500  \\$aTitle from PDF caption (data.gov.uk Web site viewed Jan. 22, 2013).
=588  \\$aLatest issue consulted: 2011/12 (SDR 132/2012) (viewed Jan. 22, 2013).
=650  \0$aRefuse and refuse disposal$zWales$vStatisitics$vPeriodicals.
=710  1\$aWales.$bStatistical Directorate.
=710  1\$aWales.$bKnowledge and Analytical Services.
=785  00$tLocal authority recorded fly-tipping in Wales
=859  \\$aELD$bejournal
=830  \0$aStatistical bulletin (Wales. Welsh Assembly Government)
=830  \0$3July 2011-$aStatistical bulletin (Wales. Welsh Government)
=856  40$uhttp://data.gov.uk/dataset/fly-tipping_in_wales
=856  4\$uhttp://wales.gov.uk/publications/?lang=en$zTo search
=CAT  \\$a5997$b40$c20130122$lBLL01$h1135
=CAT  \\$a9512$b40$c20140130$lBLL01$h1051
=CAT  \\$a8311$b40$c20140328$lBLL01$h1056
=CAT  \\$a3072$b40$c20140410$lBLL01$h1349
=CAT  \\$a3072$b40$c20140410$lBLL01$h1350
=CAT  \\$aW1711-1005$c20171206$lBLL01$h1825
=FIN  \\$aY$d20130122
=LET  \0$aFly-tipping in Wales (Electronic)
=LAS  \\$aW1711-1005$b00$c20171206$lBLL01$h1825

