=LDR  02510 as a2200649 i 4500
=001  016306508
=003  Uk
=005  20160421091558.0
=006  m\\\\\|\\d\|\\\\\\
=007  cr\|||||||||||
=008  130325c20139999enkar\p\\\\\\\0\\\a0eng\\
=FMT  \\$a  SE
=015  \\$aGBB5G1820$2bnb
=022  0\$a2052-5117$202
=037  \\$aSSKR17$bBusiness Monitor International
=040  \\$aUk$beng$cUk$erda
=042  \\$aukblsr$aissnuk
=082  04$a338.20959$223
=222  \0$aSouth East Asia mining report
=245  00$aSouth East Asia mining report :$bincludes 5-year forecasts to ...
=264  \1$aLondon, United Kingdom :$bBusiness Monitor International,$c2013-
=264  31$32015-$aLondon, United Kingdom :$bBMI Research
=300  \\$billustrations (black and white, and colour).
=310  \\$aAnnual
=336  \\$atext$2rdacontent
=337  \\$acomputer$2rdamedia
=338  \\$aonline resource$2rdacarrier
=362  0\$a2013-
=490  0\$aIndustry report & forecasts series
=588  \\$aLatest issue consulted: 2015 issue.
=540  \\$aCurrent Copyright Fee: GBP100.00$c0$5Uk
=650  \0$aMineral industries$zSoutheast Asia$vPeriodicals.
=650  \0$aMineral industries$zSoutheast Asia$xForecasting$vPeriodicals.
=650  \0$aMarket surveys$zSoutheast Asia$vPeriodicals.
=710  2\$aBusiness Monitor International,$eissuing body.
=710  2\$aBMI Research (Firm),$eissuing body.
=780  00$tSouth Korea mining report
=856  4\$uwww.bmiresearch.com$zTo subscribe
=856  4\$uwww.businessmonitor.com
=859  \\$aELD$bejournal
=985  \\$aISSN UK Centre note: originally assigned for print title - none received - transferred to online.
=CAT  \\$a10973$b40$c20130325$lBLL01$h1127
=CAT  \\$aBATCH-CLA$b00$c20130830$lBLL01$h1624
=CAT  \\$aIPL-CLA$c20130930$lBLL01$h1817
=CAT  \\$aBATCH-CLA$b00$c20140228$lBLL01$h1612
=CAT  \\$aIPL-CLA$c20140331$lBLL01$h1642
=CAT  \\$a11316$b40$c20151110$lBLL01$h1230
=CAT  \\$a11316$b40$c20151110$lBLL01$h1231
=CAT  \\$a11316$b40$c20151110$lBLL01$h1418
=CAT  \\$a10983$b40$c20160421$lBLL01$h0915
=CAT  \\$aW1711-1005$c20171206$lBLL01$h1825
=CFI  0\$aCurrent Copyright Fee: GBP100.00$c0$e01-apr-2014$fGBP100.00$g0$hC$5Uk
=CFI  2\$aPrevious Copyright Fee: GBP12.00$c0$e01-oct-2013$fGBP12.00$g0$hC$5Uk
=FIN  \\$aY$d20151110
=LET  \0$aSouth East Asia mining report (Electronic)
=MNI  \\$a2052-5117
=LAS  \\$aW1711-1005$b00$c20171206$lBLL01$h1825

