=LDR  01812 as a2200469 i 4500
=001  016330244
=003  Uk
=005  20160405090912.0
=006  m\\\\\|\\d\|\\\\\\
=007  cr\|||||||||||
=008  130501d201u2012enkar\\\o\\\\\0\\\a0eng\\
=FMT  \\$a  SE
=040  \\$aUk$beng$cUk$erda
=042  \\$aukblsr
=082  04$a305.40941$223
=110  2\$aPlatform 51 (Organisation),$eauthor.
=245  10$aReport of the Board of Trustees and Financial Statements :$bfor the year ending 31 March ... /$cPlatform 51.
=264  \1$a[Oxford] :$bPlatform 51,$c-[2012?]
=300  \\$billustrations (colour)
=310  \\$aAnnual
=336  \\$atext$2rdacontent
=337  \\$acomputer$2rdamedia
=338  \\$aonline resource$2rdacarrier
=362  0\$a2012.
=588  \\$aDescription based on: 2012 issue; title from PDF cover.
=610  20$aPlatform 51 (Organisation)$vPeriodicals.
=650  \0$aYoung women$xServices for$zGreat Britain$vPeriodicals.
=780  00$aPlatform 51 (Organisation).$tAnnual review
=785  00$aYWCA England & Wales.$tAnnual report
=856  4\$uhttp://www.platform51.org/$zLink no longer valid
=856  4\$uhttp://www.youngwomenstrust.org/
=859  \\$aELD$bejournal
=985  \\$aPrint version of previous title see 016290160.
=CAT  \\$a11433$b40$c20130501$lBLL01$h1619
=CAT  \\$a11433$b40$c20130501$lBLL01$h1623
=CAT  \\$aWR13.114$c20130717$lBLL01$h1315
=CAT  \\$a11316$b40$c20160405$lBLL01$h0908
=CAT  \\$a11316$b40$c20160405$lBLL01$h0909
=CAT  \\$aW1711-1005$c20171206$lBLL01$h1825
=FIN  \\$aY$d20160405
=LKR  \\$aPAR$b016031796$lBLL01$nPlatform 51 (Organisation). Annual review (Print)$mPlatform 51 (Organisation). Report of the Board of Trustees and Financial Statements$r78000
=LAS  \\$aW1711-1005$b00$c20171206$lBLL01$h1825

