=LDR  01587 as a22004457i 4500
=001  016584251
=003  Uk
=005  20150206162236.0
=006  m\\\\\|\\d\|\\\\\\
=007  cr||||||||||||
=008  131217c200u9999enk\x\p\o\\\\\0\\\a0eng\\
=FMT  \\$a  SE
=022  0\$a1740-2948$202
=037  \\$atbc$bPortico$nCambridge University Press
=040  \\$aUk$beng$cUk$erda
=042  \\$aissnuk
=222  \0$aSocial policy digest
=245  00$aSocial policy digest.
=246  13$aSocial policy digest online
=264  \1$aCambridge :$bCambridge University Press,$c[2008?]-
=336  \\$atext$2rdacontent
=337  \\$acomputer$2rdamedia
=338  \\$aonline resource$2rdacarrier
=515  \\$aArticles are added on an individual basis, as accepted.
=650  \0$aSocial policy$vDatabases.
=651  \0$aGreat Britain$xSocial policy$vDatabases.
=787  0\$tJournal of social policy (Online)$x1469-7823
=787  0\$tSocial policy and society (Online)$x1475-3073
=856  4\$uhttp://journals.cambridge.org/action/displayJournal?jid=JSP$zFollow links to resource
=856  40$uhttp://journals.cambridge.org/spd/action/home
=859  \\$aELD$bejournal
=985  \\$aRECORD IN PROGRESS - DLK.
=985  \\$aTitle not part of Portico agreement, Feb. 6, 2015.
=CAT  \\$a8464$b40$c20131217$lBLL01$h1537
=CAT  \\$a10973$b40$c20140207$lBLL01$h1422
=CAT  \\$a8201$b40$c20150206$lBLL01$h1622
=CAT  \\$aW1711-1005$c20171206$lBLL01$h1826
=LET  \0$aSocial policy digest (Electronic)
=MNI  \\$a1740-2948
=LAS  \\$aW1711-1005$b00$c20171206$lBLL01$h1826

