=LDR  02093cas a2200577 i 4500
=001  017017088
=003  Uk
=005  20231016114147.0
=006  m\\\\\\\\d\|\\\\\\
=007  cr||||||||||||
=008  150119c20159999enkqr\p\o\\\\\0\\\a0eng\\
=FMT  \\$a  SE
=015  \\$aGBB543410$2bnb
=022  0\$a2057-9446$202
=037  \\$aCFAT$bBusiness Monitor International
=040  \\$aUk$beng$cUk$erda
=042  \\$aukblsr$aissnuk
=082  04$a330.943600112$223
=222  \0$aAustria country risk report
=245  00$aAustria country risk report :$bincludes 10-year forecasts to ... /$cBMI Research.
=264  \1$aLondon :$bBMI Research,$c2015-
=264  31$aLondon :$bFitch Solutions
=300  \\$billustrations (black and white)
=310  \\$aQuarterly
=336  \\$atext$2rdacontent
=337  \\$acomputer$2rdamedia
=338  \\$aonline resource$2rdacarrier
=362  0\$a2015/Q2-
=500  \\$aTitle from PDF cover.
=588  \\$aLatest issue consulted: 2023/Q1 (supplied PDF).
=650  \0$aEconomic forecasting$zAustria$vPeriodicals.
=651  \0$aAustria$xEconomic policy$vPeriodicals.
=651  \0$aAustria$xEconomic conditions$vPeriodicals.
=651  \0$aAustria$xPolitics and government$vPeriodicals.
=710  2\$aFitch Solutions Group Ltd,$eissuing body.
=710  2\$aBMI Research (Firm),$eissuing body.
=780  00$tAustria business forecast report$x2057-9276
=856  4\$uhttp://www.bmiresearch.com/
=856  4\$uhttps://www.fitchsolutions.com/$zTo subscribe
=859  \\$aELD$bejournal
=CAT  \\$a10973$b40$c20150119$lBLL01$h1045
=CAT  \\$a11316$b40$c20150408$lBLL01$h0959
=CAT  \\$aWR15_120$c20150910$lBLL01$h1829
=CAT  \\$a8411$b40$c20160224$lBLL01$h0932
=CAT  \\$aW1711-1005$c20171206$lBLL01$h1828
=CAT  \\$a10973$b40$c20231016$lBLL01$h1141
=FIN  \\$aY$d20150408
=LET  \0$aAustria country risk report (Electronic)
=LKR  \\$aPAR$b016626937$lBLL01$nAustria business forecast report (Online)$mAustria country risk report$r78000
=MNI  \\$a2057-9446
=LAS  \\$a10973$b40$c20231016$lBLL01$h1141

