=LDR  02379cas a2200625 i 4500
=001  017021923
=003  Uk
=005  20230807133506.0
=006  m\\\\\\\\d\|\\\\\\
=007  cr||||||||||||
=008  150122c20159999enkqr\p\o\\\\\0\\\a0eng\\
=FMT  \\$a  SE
=015  \\$aGBB579021$2bnb
=022  0\$a2057-956X$y2040-6320$202
=037  \\$aCFCA$bBusiness Monitor International
=040  \\$aUk$beng$cUk$erda
=042  \\$aukblsr$aissnuk
=082  04$a330.97100112$223
=222  \0$aCanada country risk report
=245  00$aCanada country risk report :$bincludes 10-year forecasts to ... /$cBusiness Monitor International.
=264  \1$aLondon, UK :$bBusiness Monitor International Limited,$c2015-
=264  31$aLondon :$bFitch Solutions
=300  \\$billustrations (black and white)
=310  \\$aQuarterly
=336  \\$atext$2rdacontent
=337  \\$acomputer$2rdamedia
=338  \\$aonline resource$2rdacarrier
=362  0\$a2015/Q2-
=500  \\$aTitle from PDF cover.
=588  \\$aLatest issue consulted: 2023/Q1.
=540  \\$aCurrent Copyright Fee: GBP100.00$c0$5Uk
=650  \0$aEconomic forecasting$zCanada$vPeriodicals.
=651  \0$aCanada$xEconomic policy$vPeriodicals.
=651  \0$aCanada$xEconomic conditions$vPeriodicals.
=651  \0$aCanada$xPolitics and government$vPeriodicals.
=710  2\$aBusiness Monitor International,$eissuing body.
=710  2\$aFitch Solutions Group Ltd,$eissuing body.
=780  00$tCanada business forecast report$x2057-9381
=856  4\$uhttps://www.fitchsolutions.com/$zTo subscribe
=856  4\$uhttp://www.bmiresearch.com/
=859  \\$aELD$bejournal
=CAT  \\$a10973$b40$c20150122$lBLL01$h1442
=CAT  \\$a11205$b40$c20150619$lBLL01$h1118
=CAT  \\$aBATCH-CLA$b00$c20150828$lBLL01$h1543
=CAT  \\$aWR15_120$c20150910$lBLL01$h1829
=CAT  \\$aIPL-CLA$c20150930$lBLL01$h1854
=CAT  \\$a8411$b40$c20160224$lBLL01$h1041
=CAT  \\$aW1711-1005$c20171206$lBLL01$h1828
=CAT  \\$a10973$b40$c20230807$lBLL01$h1335
=CFI  0\$aCurrent Copyright Fee: GBP100.00$c0$e01-oct-2015$fGBP100.00$g0$hC$5Uk
=FIN  \\$aY$d20150619
=LET  \0$aCanada country risk report (Electronic)
=LKR  \\$aPAR$b016626924$lBLL01$nCanada business forecast report (Online)$mCanada country risk report$r78000
=MNI  \\$a2057-956X
=LAS  \\$a10973$b40$c20230807$lBLL01$h1335

