=LDR  02674 as a2200661 a 4500
=001  015655833
=003  Uk
=005  20210122094714.0
=006  m\\\\\\\\d\|\\\\\\
=007  cr||||||||||||
=008  100922d20032011enkar\\\ss\\\\0\\\a0eng\\
=015  \\$aGBB0B5067$2bnb
=040  \\$aUk$beng$cUk$dUk
=042  \\$aukblsr
=082  04$a381.1$222
=245  04$aThe ethical consumerism report$h[electronic resource].
=246  1\$i2009 issue in Web site list is special issue entitled:$aTen years of ethical consumerism 1999-2008
=246  1\$iTitle bar title :$aCo-operative's ethical consumerism report$f2011-
=260  \\$a[Manchester] :$bCo-operative Bank
=260  3\$32011-$a[Manchester] :$bCo-operative Group
=310  \\$aAnnual
=336  \\$atext$2rdacontent
=337  \\$acomputer$2rdamedia
=338  \\$aonline resource$2rdacarrier
=362  0\$a2003-2011.
=500  \\$aTitle from PDF t.p. (publisher's Web site, viewed Sept. 22, 2010).
=500  \\$aLatest issue consulted: 2011 (viewed Apr. 11, 2012).
=538  \\$aMode of access: World Wide Web.
=538  \\$aSystem requirements: Adobe Acrobat Reader.
=650  \0$aShopping$xEnvironmental aspects$zGreat Britain$vPeriodicals.
=650  \0$aShopping$xMoral and ethical aspects$zGreat Britain$vPeriodicals.
=650  \0$aGreen products$zGreat Britain$vStatistics$vPeriodicals.
=650  \0$aConsumption (Economics)$zGreat Britain$vStatistics$vPeriodicals.
=650  \0$aMarket surveys$zGreat Britain$vPeriodicals.
=710  2\$aCo-operative Bank (Great Britain)
=710  2\$aCo-operative Group (Great Britain)
=710  2\$aEthical Consumer Research Association.
=780  00$tEthical purchasing index (Online)
=785  00$tEthical consumer markets report
=856  40$uhttp://www.co-operative.coop/corporate/Investors/Publications/Ethical-Consumerism-Report/
=856  4\$uhttp://www.goodwithmoney.co.uk/ethicalconsumerismreport/$z-2010
=859  \\$aELD$bejournal
=CAT  \\$a3072$b40$c20100922$lBLL01$h1329
=CAT  \\$a3072$b40$c20120411$lBLL01$h1104
=CAT  \\$a3072$b40$c20120411$lBLL01$h1105
=CAT  \\$a3072$b40$c20120411$lBLL01$h1109
=CAT  \\$a11433$b40$c20130423$lBLL01$h1627
=CAT  \\$aWR13.114$c20130717$lBLL01$h1314
=CAT  \\$aWR14_072$c20140608$lBLL01$h1427
=CAT  \\$a3072$b40$c20140901$lBLL01$h1143
=CAT  \\$aBATCH-UPD$b40$c20170330$lBLL01$h0942
=CAT  \\$aW1711-1005$c20171206$lBLL01$h1822
=CAT  \\$a6490$b40$c20210122$lBLL01$h0947
=FIN  \\$aY$d20100922
=FMT  \\$a  SE
=LAS  \\$a6490$b40$c20210122$lBLL01$h0947
=LET  \0$aEthical consumerism report (Electronic)
=TCO  \\$aCLA$bCLA$c008

