=LDR  02491cas a2200625 a 4500
=001  015717507
=003  Uk
=005  20171218161020.0
=006  m\\\\\\\\d\|\\\\\\
=007  cr||||||||||||
=008  101215c200u9999enkbr\p\s\\\\\0\\\a0eng\\
=FMT  \\$a  SE
=015  \\$aGBB0E9681$2bnb
=022  0\$a2045-2756$202
=040  \\$aUk$beng$cUk
=042  \\$aukblsr$aissnuk
=082  04$a327.174$222
=130  0\$aTrust & verify (Online)
=222  \0$aTrust & verify$b(Online)
=245  10$aTrust & verify$h[electronic resource].
=246  3\$aTrust and verify
=260  \\$aLondon :$bVerification Research, Training and Information Centre
=310  \\$aQuarterly,$b2009-
=321  \\$aBimonthly,$b-2007
=336  \\$atext$2rdacontent
=337  \\$acomputer$2rdamedia
=338  \\$aonline resource$2rdacarrier
=538  \\$aMode of access: email and World Wide Web in PDF format.
=500  \\$aDescription based on: issue no. 96 (Mar./Apr. 2001); title from PDF caption (publisher's Web site, viewed Dec. 15, 2010).
=500  \\$aLatest issue consulted: issue no. 130 (July/Sept. 2010).
=580  \\$aTo 2006? also issued in print format; beginning with 2009? issued online only.
=500  \\$aEach issue has a different theme.
=650  \0$aArms control$xVerification$vPeriodicals.
=650  \0$aSecurity, International$vPeriodicals.
=650  \0$aConfidence and security building measures (International relations)$vPeriodicals.
=710  2\$aVerification Research, Training and Information Centre.
=780  10$tTrust and verify$x0966-9221
=856  40$uhttp://www.vertic.org/pages/homepage/publications/regular-publications/trust-verify.php
=856  0\$umailto:unini.tobun@vertic.org.$zTo subscribe to email
=859  \\$aELD$bejournal
=CAT  \\$a7332$b40$c20101215$lBLL01$h1256
=CAT  \\$a7332$b40$c20101215$lBLL01$h1257
=CAT  \\$a7332$b40$c20101215$lBLL01$h1316
=CAT  \\$a10983$b40$c20130415$lBLL01$h1118
=CAT  \\$a11313$b40$c20130524$lBLL01$h1058
=CAT  \\$aWR13.114$c20130717$lBLL01$h1314
=CAT  \\$aWR14_072$c20140608$lBLL01$h1427
=CAT  \\$aWR15_120$c20150910$lBLL01$h1826
=CAT  \\$aW1711-1005$c20171206$lBLL01$h1823
=CAT  \\$a11313$b40$c20171218$lBLL01$h1610
=FIN  \\$aY$d20101215
=LET  \0$aTrust & verify (Electronic)
=LKR  \\$aPAR$b012482824$lBLL01$r78010$mTrust & verify (Online)$nTrust and verify (Print)
=TCO  \\$aCLA$bCLA$c008
=LAS  \\$a11313$b40$c20171218$lBLL01$h1610

