=LDR  03512 as a2200829 a 4500
=001  015778102
=003  Uk
=005  20210118094119.0
=006  m\\\\\\\\d\|\\\\\\
=007  cr||||||||||||
=008  110323d20062011enkar\p\os\\\o0\\\a0eng\\
=015  \\$aGBB139488$2bnb
=040  \\$aUk$beng$cUk$dUk
=042  \\$aukblsr
=082  04$a347.4201021$222
=130  0\$aJudicial and court statistics (Online)
=245  10$aJudicial and court statistics ...$h[electronic resource].
=260  \\$a[London] :$bStationery Office,$c2006-2012.
=260  3\$a[London] :$bMinistry of Justice
=310  \\$aAnnual
=336  \\$atext$2rdacontent
=337  \\$acomputer$2rdamedia
=338  \\$aonline resource$2rdacarrier
=362  0\$a2006-2011.
=490  1\$aCm
=500  \\$aAccompanied on Web site by Excel spreadsheets; in some years these contain the same statistical data as in the PDF document, in other years they are additional.
=500  \\$aSome issues published in the Cm series.
=500  \\$aTitle from PDF title page (publisher's Web site, viewed Mar. 23, 2011).
=530  \\$aAlso issued in print 2006-2011; continues in print format from 2012-
=538  \\$aMode of access: World Wide Web.
=538  \\$aSystem requirements: Adobe Acrobat Reader.
=580  \\$aQuarterly statistics published separately as: Court statistics quarterly (Online).
=580  \\$aAbsorbed into the January/March edition of 'Court statistics quarterly (Online)'.
=588  \\$aLatest issue consulted: 2011 (GOV.UK, viewed March 27, 2015).
=650  \0$aJudicial statistics$zEngland$vPeriodicals.
=650  \0$aJudicial statistics$zWales$vPeriodicals.
=710  1\$aGreat Britain.$bMinistry of Justice.
=710  2\$aUK Statistics Authority.
=776  1\$tJudicial and court statistics
=780  00$tJudicial statistics, England and Wales (Online)
=785  15$tCourt statistics quarterly (Online)
=787  1\$tCourt statistics quarterly (Online)
=830  \0$aCm (Series) (Great Britain. Parliament)
=856  4\$uhttp://www.justice.gov.uk/publications/judicialandcourtstatistics-archive.htm
=856  4\$uhttps://www.gov.uk/search?q=Judicial+and+Court+Statistics$zFollow links to resource
=859  \\$aELD$bejournal
=CAT  \\$a3072$b40$c20110323$lBLL01$h1713
=CAT  \\$a3072$b40$c20110323$lBLL01$h1716
=CAT  \\$a3072$b40$c20110325$lBLL01$h1511
=CAT  \\$a3072$b40$c20110325$lBLL01$h1547
=CAT  \\$a3072$b40$c20110705$lBLL01$h1319
=CAT  \\$a3072$b40$c20110705$lBLL01$h1347
=CAT  \\$a9512$b40$c20131108$lBLL01$h1601
=CAT  \\$aWR14.047$c20140417$lBLL01$h1645
=CAT  \\$a8201$b40$c20150129$lBLL01$h0903
=CAT  \\$a10806$b40$c20150326$lBLL01$h1420
=CAT  \\$a11316$b40$c20150327$lBLL01$h1027
=CAT  \\$a11316$b40$c20150327$lBLL01$h1324
=CAT  \\$a11316$b40$c20150327$lBLL01$h1328
=CAT  \\$a11316$b40$c20150327$lBLL01$h1343
=CAT  \\$a11316$b40$c20150327$lBLL01$h1347
=CAT  \\$a11316$b40$c20150327$lBLL01$h1354
=CAT  \\$a5194$b40$c20161013$lBLL01$h1133
=CAT  \\$aBATCH-UPD$b40$c20161013$lBLL01$h1135
=CAT  \\$aW1711-1005$c20171206$lBLL01$h1823
=CAT  \\$a6490$b40$c20210118$lBLL01$h0941
=FIN  \\$aY$d20110325
=FMT  \\$a  SE
=LAS  \\$a6490$b40$c20210118$lBLL01$h0941
=LET  \0$aJudicial and court statistics (Electronic)
=LKR  \\$aPAR$b015537463$lBLL01$nCourt statistics quarterly (Online)$mJudicial and court statistics (Online)$r78515
=TCO  \\$aCLA$bCLA$c008

