=LDR  03060 as a2200697 a 4500
=001  015894004
=003  Uk
=005  20190306111835.0
=006  m\\\\\\\\d\|\\\\\\
=007  cr||||||||||||
=008  110920d199u201uwlkar\\\os\\\o0\\\a0eng\\
=015  \\$aGBB1A9958$2bnb
=040  \\$aUk$beng$cUk$dUk
=042  \\$aukblsr
=082  04$a362.1982009429021$223
=245  00$aMaternity statistics, Wales.$pMethod of delivery$h[electronic resource].
=246  1\$iWelsh interface title:$aYstadegau mamolaeth: dull geni
=246  1\$iWebsite list title:$aMaternity : method of delivery
=260  \\$aCardiff :$bStatistical Directorate, Welsh Assembly Government
=310  \\$aAnnual
=336  \\$atext$2rdacontent
=337  \\$acomputer$2rdamedia
=338  \\$aonline resource$2rdacarrier
=490  1\$aFirst release =$aDatganiad Cyntaf
=538  \\$aMode of access: World Wide Web.
=538  \\$aSystem requirements: Adobe Acrobat Reader.
=550  \\$aAt head of title: Ystadegau ar gyfer Cymru = Statistics for Wales, and: National Statistics = Ystadegau gwladol.
=588  \\$aDescription based on: 1998/2008 issue (SDR 42/2009); title from PDF caption (publisher's Web site, viewed Sept. 20 2011).
=588  \\$aLatest issue consulted: 2000/2010 issue (SDR 27/2011); title from PDF caption (publisher's Web site, viewed Sept. 20 2011).
=650  \0$aHospitals$xMaternity services$zWales$vStatistics$vPeriodicals.
=650  \0$aDelivery (Obstetrics)$zWales$vStatistics$vPeriodicals.
=690  7\$aSocial Welfare$2blcoll
=710  1\$aWales.$bStatistical Directorate.
=710  2\$aUK Statistics Authority.
=830  \0$aFirst release (Wales. Welsh Assembly Government)
=856  40$uhttp://data.gov.uk/dataset/maternity_statistics_-_method_of_delivery_in_wales
=856  4\$uhttp://wales.gov.uk/publications/?lang=en$zTo search
=859  \\$aELD$bejournal
=985  \\$aPossibly continued in "Experimental statistcs: Maternity statistics Wales 2017/18" or through "StatsWales" - no evidence, so no links made.
=985  \\$aNot to be confused with 018517451.
=CAT  \\$a3072$b40$c20110920$lBLL01$h1136
=CAT  \\$a3072$b40$c20110920$lBLL01$h1140
=CAT  \\$a3072$b40$c20110920$lBLL01$h1148
=CAT  \\$aBATCH-TCO$c20120117$lBLL01$h0039
=CAT  \\$a3072$b40$c20120224$lBLL01$h1151
=CAT  \\$a8201$b40$c20120419$lBLL01$h1536
=CAT  \\$a12664$b40$c20141007$lBLL01$h1449
=CAT  \\$aWR15_120$c20150910$lBLL01$h1826
=CAT  \\$aBATCH-SWP$c20150918$lBLL01$h2211
=CAT  \\$a5194$b40$c20161013$lBLL01$h1133
=CAT  \\$aBATCH-UPD$b40$c20161013$lBLL01$h1136
=CAT  \\$a8483$b40$c20170919$lBLL01$h1014
=CAT  \\$a8483$b40$c20170919$lBLL01$h1030
=CAT  \\$a8483$b40$c20170919$lBLL01$h1110
=CAT  \\$aW1711-1005$c20171206$lBLL01$h1823
=CAT  \\$a3072$b40$c20190306$lBLL01$h1118
=FIN  \\$aY$d20110920
=FMT  \\$a  SE
=LAS  \\$a3072$b40$c20190306$lBLL01$h1118
=LET  \0$aMaternity statistics, Wales - Methods of delivery (Electronic)
=TCO  \\$aCLA$bCLA$c008

