=LDR  02719 as a2200661 a 4500
=001  016028471
=003  Uk
=005  20200205123111.0
=006  m\\\\\\\\d\|\\\\\\
=007  cr||||||||||||
=008  120210d200u2012wlkgr\\\o\s\\o0\\\a0eng\\
=FMT  \\$a  SE
=015  \\$aGBB213880$2bnb
=040  \\$aUk$beng$cUk$dUk
=042  \\$aukblsr
=082  04$a304.609429021$223
=245  00$aBased national population projections for Wales$h[electronic resource].
=246  30$aNational population projections for Wales
=246  1\$iWeb site list title:$aNational population projections
=260  \\$aCardiff :$bStatistical Directorate, Welsh Assembly Government
=260  3\$aCardiff :$bKnowledge and Analytical Services, Welsh Government
=310  \\$aBiennial
=336  \\$atext$2rdacontent
=337  \\$acomputer$2rdamedia
=338  \\$aonline resource$2rdacarrier
=362  0\$a-2012.
=490  1\$aFirst release =$aDatganiad Cyntaf
=538  \\$aMode of access: World Wide Web.
=538  \\$aSystem requirements: Adobe Acrobat Reader.
=550  \\$aAt head of title: Ystadegau ar gyfer Cymru = Statistics for Wales.
=588  \\$aDescription based on: 2008-based issue (SDR 60/2009); title from PDF caption (data.gov.uk Web site, viewed Feb. 10, 2012).
=588  \\$aLatest issue consulted: 2012-based (SB 108/2013) (viewed February 5, 2020).
=650  \0$aPopulation forecasting$zWales$vStatistics$vPeriodicals.
=690  7\$aSocial Welfare$2blcoll
=710  1\$aWales.$bStatistical Directorate.
=710  1\$aWales.$bKnowledge and Analytical Services.
=710  2\$aUK Statistics Authority.
=785  04$tNational population projections (Statistical bulletin)
=830  \0$aFirst release (Wales. Welsh Assembly Government)
=830  \0$3May 2011-$aFirst release (Wales. Welsh Government)
=856  4\$uhttp://new.wales.gov.uk/publications/?lang=en$zTo search
=856  40$uhttp://data.gov.uk/dataset/national_population_projections_
=859  \\$aELD$bejournal
=CAT  \\$a5997$b40$c20120210$lBLL01$h1034
=CAT  \\$a5997$b40$c20120223$lBLL01$h1549
=CAT  \\$a8201$b40$c20120419$lBLL01$h1211
=CAT  \\$a6790$b40$c20131212$lBLL01$h1142
=CAT  \\$aBATCH-859E$c20131213$lBLL01$h0011
=CAT  \\$aBATCH-SWP$c20131221$lBLL01$h0219
=CAT  \\$aBATCH-SWP$c20131228$lBLL01$h0039
=CAT  \\$aWR14_072$c20140608$lBLL01$h1429
=CAT  \\$aWR15_120$c20150910$lBLL01$h1826
=CAT  \\$a5194$b40$c20161013$lBLL01$h0935
=CAT  \\$aW1711-1005$c20171206$lBLL01$h1824
=CAT  \\$a8124$b40$c20200205$lBLL01$h1231
=FIN  \\$aY$d20120210
=LET  \0$aNational population projections for Wales (Electronic)
=LAS  \\$a8124$b40$c20200205$lBLL01$h1231

