=LDR  02744 as a2200601 a 4500
=001  016028672
=003  Uk
=005  20140729151124.0
=006  m\\\\\\\\d\|\\\\\\
=007  cr||||||||||||
=008  120210d20102011wlkuu\\\o\s\\o0\\\a0eng\\
=FMT  \\$a  SE
=015  \\$aGBB213941$2bnb
=040  \\$aUk$beng$cUk$dUk
=042  \\$aukblsr
=082  04$a331.2592209429021$223
=245  00$aProjected apprenticeship framework success rates ...$h[electronic resource] :$b(experimental statistics).
=260  \\$aCardiff :$bKnowledge and Analytical Services, Welsh Government,$c2011.
=336  \\$atext$2rdacontent
=337  \\$acomputer$2rdamedia
=338  \\$aonline resource$2rdacarrier
=362  1\$aBegan with 2010/2011 issue.
=490  1\$aFirst release =$aDatganiad Cyntaf
=538  \\$aMode of access: World Wide Web.
=538  \\$aSystem requirements: Adobe Acrobat Reader.
=550  \\$aAt head of title: Ystadegau ar gyfer Cymru = Statistics for Wales.
=500  \\$aTitle from PDF caption (SDR 236/2011) (data.gov.uk Web site, viewed Feb. 10, 2012).
=580  \\$aMerged with: Destinations data for traineeship and steps to employment learners, to become: Projected apprenticeship framework success rates and provisional destinations data for traineeship and steps to employment learners.
=650  \0$aApprenticeship programs$zWales$vStatistics$vPeriodicals.
=690  7\$aManagement and Business Studies$2blcoll
=690  7\$aSocial Welfare$2blcoll
=710  1\$aWales.$bKnowledge and Analytical Services.
=710  2\$aUK Statistics Authority.
=785  17$tDestinations data for traineeship and steps to employment learners
=785  17$tProjected apprenticeship framework success rates and provisional destinations data for traineeship and steps to employment learners
=830  \0$aFirst release (Wales. Welsh Government)
=856  4\$uhttp://new.wales.gov.uk/publications/?lang=en$zTo search
=856  40$uhttp://data.gov.uk/dataset/projected_apprenticeship_framework_success_rates
=859  \\$aELD$bejournal
=CAT  \\$a5997$b40$c20120210$lBLL01$h1535
=CAT  \\$a8201$b40$c20120419$lBLL01$h1100
=CAT  \\$a9512$b40$c20140306$lBLL01$h1128
=CAT  \\$aBATCH-MBS$c20140314$lBLL01$h2132
=CAT  \\$aBATCH-SWP$c20140314$lBLL01$h2301
=CAT  \\$a11316$b40$c20140729$lBLL01$h1444
=CAT  \\$a11316$b40$c20140729$lBLL01$h1509
=CAT  \\$a11316$b40$c20140729$lBLL01$h1511
=CAT  \\$a5194$b40$c20161013$lBLL01$h1133
=CAT  \\$aBATCH-UPD$b40$c20161013$lBLL01$h1136
=CAT  \\$aW1711-1005$c20171206$lBLL01$h1824
=FIN  \\$aY$d20120210
=LET  \0$aProjected apprenticeship framework success rates (Electronic)
=LAS  \\$aW1711-1005$b00$c20171206$lBLL01$h1824

