=LDR  02044aas a2200541 i 4500
=001  016041203
=003  Uk
=005  20210225080511.0
=006  m\\\\\\\\d\|\\\\\\
=007  cr||||||||||||
=008  120301d20062015enkar\p\o\\\\\0\\\a0eng\\
=FMT  \\$a  SE
=022  0\$a2049-8128$202
=040  \\$aUk$beng$cUk$dUk$erda
=042  \\$aissnuk$aukblsr
=082  04$a001.40942142$223
=222  \0$aOpticon1826
=245  00$aOpticon1826.
=246  13$aOpticon MDCCCXXVI
=246  30$aOpticon 1826
=264  \1$aLondon :$bUbiquity Press,$c2006-2015.
=300  \\$billustrations (colour)
=310  \\$aAnnual,$b2012-
=321  \\$aSemi-annual,$b2006-2011
=336  \\$atext$2rdacontent
=337  \\$acomputer$2rdamedia
=338  \\$aonline resource$2rdacarrier
=362  0\$aIssue no. 1 (autumn 2006)-issue no. 17 (2015).
=500  \\$aTitle from contents page (publisher's website, viewed October 6, 2020).
=588  \\$aLatest issue consulted: issue no. 17 (2015) (viewed October 6, 2020).
=610  20$aUniversity College, London$xGraduate work$vPeriodicals.
=610  20$aUniversity College, London$xUndergraduates$vPeriodicals.
=710  2\$aUniversity College, London,$eissuing body.
=856  4\$uhttp://www.opticon1826.com/index.php/opt/index$zLink no longer valid
=856  40$uhttps://student-journals.ucl.ac.uk/opticon/issues/
=859  \\$aELD$bejournal
=985  \\$aISSN description based on journal homepage, viewed 01/03/12.
=985  \\$aISSN UK Centre note: Due to transfer to UCL Press in 2016. Email from publisher Feb. 2021 - may relaunch with different title (UCL review).
=CAT  \\$a11315$b40$c20120301$lBLL01$h1503
=CAT  \\$a11313$b40$c20120305$lBLL01$h1015
=CAT  \\$a10973$b40$c20160929$lBLL01$h1459
=CAT  \\$a8124$b40$c20201006$lBLL01$h1239
=CAT  \\$a10973$b40$c20210225$lBLL01$h0758
=CAT  \\$a10973$b40$c20210225$lBLL01$h0805
=FIN  \\$aY$d20120301
=LET  \0$aOpticon1826 (Electronic)
=MNI  \\$a2049-8128
=LAS  \\$a10973$b40$c20210225$lBLL01$h0805

