=LDR  01836 as a2200469 a 4500
=001  016174197
=003  Uk
=005  20140520093833.0
=006  m\\\\\\\\d\|\\\\\\
=007  cr||||||||||||
=008  120920d200u201uenkuu\\\o\\\\\0\\\a0eng\\
=FMT  \\$a  SE
=015  \\$aGBB294832$2bnb
=040  \\$aUk$beng$cUk$dUk
=042  \\$aukblsr
=082  04$a658.1522$223
=130  0\$aBusiness angel investing (Online)
=245  10$aBusiness angel investing$h[electronic resource] :$ba guide to the legal, tax & regulatory issues.
=260  \\$a[London] :$bBritish Business Angels Association
=336  \\$atext$2rdacontent
=337  \\$acomputer$2rdamedia
=338  \\$aonline resource$2rdacarrier
=538  \\$aMode of access: World Wide Web.
=538  \\$aSystem requirements: Adobe Acrobat Reader.
=580  \\$aTo 2010? also issued in print format; beginning with 2012? issued online only.
=588  \\$aDescription based on: May 2012; title from PDF cover (publisher's Web site, viewed Sept. 20, 2012).
=650  \0$aVenture capital$zGreat Britain$vPeriodicals.
=650  \0$aCapitalists and financiers$zGreat Britain$vPeriodicals.
=690  7\$aManagement and Business Studies$2blcoll
=780  10$tBusiness angel investing
=856  40$uhttp://www.bbaa.org.uk/node/103
=856  4\$uhttp://www.ukbusinessangelsassociation.org.uk/$zsite under construction Sept. 20, 2012
=859  \\$aELD$bejournal
=CAT  \\$a8201E$b40$c20120920$lBLL01$h1556
=CAT  \\$a6790$b40$c20131031$lBLL01$h1434
=CAT  \\$aBATCH-MBS$c20131108$lBLL01$h2131
=CAT  \\$aWR14.047$c20140417$lBLL01$h1646
=CAT  \\$a8201$b40$c20140520$lBLL01$h0938
=CAT  \\$aW1711-1005$c20171206$lBLL01$h1824
=FIN  \\$aY$d20120920
=LET  \0$aBusiness angel investing (electronic)
=LAS  \\$aW1711-1005$b00$c20171206$lBLL01$h1824

