=LDR  02492aas a2200529 i 4500
=001  016322617
=003  Uk
=005  20201123150955.0
=006  m\\\\\\\\d\|\\\\\\
=007  cr||||||||||||
=008  130418d20102013enktr\p\o\\\\\0\\\a0eng\\
=FMT  \\$a  SE
=022  0\$a2052-6598$202
=040  \\$aUk$beng$cUk$dUk$erda
=042  \\$aissnuk$aukblsr
=082  04$a346.01505$223
=210  0\$aJ. fam. law and pract.
=222  \0$aJournal of family law and practice
=245  00$aJournal of family law and practice :$bthe journal of the Centre for Family Law and Practice, London Metropolitan University.
=264  \1$a[London] :$bCentre for Family Law and Practice, Faculty of Law, Governance & International Relations, London Metropolitan University,$c2010-2013.
=300  \\$a4 volumes
=310  \\$aThree times a year
=336  \\$atext$2rdacontent
=337  \\$acomputer$2rdamedia
=338  \\$aonline resource$2rdacarrier
=362  0\$aVolume 1, number 1 (May 2010)-volume 4, number 2 (summer 2013).
=500  \\$aTitle from PDF cover (frburton.com, viewed November 18, 2020).
=588  \\$aLatest issue consulted: volume 4, number 2 (summer 2013) (viewed November 18, 2020).
=650  \0$aDomestic relations (International law)$vPeriodicals.
=710  2\$aInternational Centre for Family Law, Policy and Practice,$eissuing body.
=785  00$tInternational family law, policy and practice$x2055-6802
=856  4\$uhttp://www.londonmet.ac.uk/depts/lgir/research-centres/centre-for-family-law-and-practice/our-online-journal/our-online-journal_home.cfm$zLink no longer valid
=856  40$uhttp://www.frburton.com/archive/archive.htm
=859  \\$aELD$bejournal
=985  \\$aISSN description based on: printout of volume 1, number 1 (May 2010), viewed April 18, 2013. Latest issue consulted: volume 4, number 2 (Summer 2013); viewed May 9 2014.
=985  \\$aWFH record (CS), November 2020
=CAT  \\$a11315$b40$c20130418$lBLL01$h1344
=CAT  \\$a11313$b40$c20140509$lBLL01$h1149
=CAT  \\$a11313$b40$c20140512$lBLL01$h1345
=CAT  \\$a8124$b40$c20201118$lBLL01$h0958
=CAT  \\$a8124$b40$c20201118$lBLL01$h0959
=CAT  \\$a8124$b40$c20201123$lBLL01$h1509
=FIN  \\$aY$d20130418
=LET  \0$aJournal of family law and practice (Electronic)
=LKR  \\$aPAR$b016712483$lBLL01$r78500$mJournal of family law and practice$nInternational family law, policy and practice
=MNI  \\$a2052-6958
=LAS  \\$a8124$b40$c20201123$lBLL01$h1509

