=LDR  02134cas a2200529 i 4500
=001  021171727
=003  Uk
=005  20230817154622.0
=006  m\\\\\|\\d\|\\\\\\
=007  cr\|||||||||||
=008  230809c20169999nikar\\\o\\\\o0\\\a0eng\\
=FMT  \\$a  SE
=015  \\$aGBC3F1248$2bnb
=040  \\$aUk$beng$cUk$erda
=042  \\$aukblsr
=082  04$a631.6409416$223
=245  00$aGuide to the Greening Payment.
=246  1\$iSubtitle added:$aGuide to the Greening Payment :$b(with Crop Diversification Derogation),$f2020-
=264  \1$a[Belfast] :$bDepartment of Agriculture and Rural Development,$c2016-
=264  31$32017-$a[Belfast] :$bDepartment of Agriculture, Environment and Rural Affairs
=310  \\$aAnnual
=336  \\$atext$2rdacontent
=337  \\$acomputer$2rdamedia
=338  \\$aonline resource$2rdacarrier
=362  0\$a2016-
=500  \\$aTitle from PDF cover (niopa.qub.ac.uk/, viewed August 9, 2023).
=588  \\$aLatest issue consulted: 2020 (daera-ni.gov.uk/, viewed August 9, 2023).
=650  \7$aAgriculture.$2fast$0(OCoLC)fst00801355
=650  \7$aAgriculture$xEnvironmental aspects.$2fast$0(OCoLC)fst00801499
=650  \7$aAgricultural assistance, European.$2fast$0(OCoLC)fst00800485
=651  \7$aNorthern Ireland.$2fast$0(OCoLC)fst01205215
=655  \0$aGovernment publications.
=655  \7$aPeriodicals.$2fast$0(OCoLC)fst01411641
=710  1\$32016:$aNorthern Ireland.$bDepartment of Agriculture and Rural Development.$eissuing body.
=710  1\$32017-$aNorthern Ireland.$bDepartment of Agriculture, Environment and Rural Affairs.$eissuing body.
=780  00$tGuide to greening
=856  4\$uhttps://www.daera-ni.gov.uk/$zTo search
=856  40$uhttp://niopa.qub.ac.uk/handle/NIOPA/9400
=859  \\$aELD$bejournal
=985  \\$aWFH record (CS) 2023
=CAT  \\$a8124$b40$c20230809$lBLL01$h0825
=CAT  \\$a8124$b40$c20230809$lBLL01$h0844
=CAT  \\$a8124$b40$c20230815$lBLL01$h0845
=CAT  \\$a8124$b40$c20230817$lBLL01$h1546
=FIN  \\$aY$d20230809
=LET  \0$aGuide to the Greening Payment (Electronic)
=LAS  \\$a8124$b40$c20230817$lBLL01$h1546

