=LDR  02131cas a2200529 i 4500
=001  021171744
=003  Uk
=005  20230817154752.0
=006  m\\\\\|\\d\|\\\\\\
=007  cr\|||||||||||
=008  230809c200u9999enkgr\\\o\\\\o0\\\a0eng\\
=FMT  \\$a  SE
=015  \\$aGBC3F1251$2bnb
=040  \\$aUk$beng$cUk$erda
=042  \\$aukblsr
=082  04$a634.09416$223
=245  00$aNorthern Ireland top fruit crops.
=264  \1$a[Belfast] :$bDepartment of Agriculture and Rural Development,$c2016-
=264  31$32018-$a[Belfast] :$bDepartment of Agriculture, Environment and Rural Affairs
=300  \\$billustrations (colour), maps (colour).
=310  \\$aBiennial
=336  \\$atext$2rdacontent
=337  \\$acomputer$2rdamedia
=338  \\$aonline resource$2rdacarrier
=490  0\$aPesticide usage in Northern Ireland survey report
=500  \\$a"A National Statistics publication".
=588  \\$aDescription based on: 2006 issue ; title from PDF cover (afbini.gov.uk/, viewed August 9, 2023).
=588  \\$aLatest issue consulted: 2020 (viewed August 9, 2023).
=650  \7$aFruit$xDiseases and pests.$2fast$0(OCoLC)fst00935564
=650  \7$aPesticides.$2fast$0(OCoLC)fst01059011
=651  \7$aNorthern Ireland.$2fast$0(OCoLC)fst01205215
=655  \7$aPeriodicals.$2fast$0(OCoLC)fst01411641
=710  1\$32016:$aNorthern Ireland.$bDepartment of Agriculture and Rural Development.$eissuing body.
=710  1\$32017-$aNorthern Ireland.$bDepartment of Agriculture, Environment and Rural Affairs.$eissuing body.
=710  2\$aAgri-Food and Biosciences Institute,$eissuing body.
=780  00$tTop fruit crops
=856  4\$uhttps://www.afbini.gov.uk/$zTo search
=856  40$uhttps://niopa.qub.ac.uk/handle/NIOPA/7759
=859  \\$aELD$bejournal
=985  \\$aWFH record (CS) 2023
=CAT  \\$a8124$b40$c20230809$lBLL01$h0858
=CAT  \\$a8124$b40$c20230815$lBLL01$h0845
=CAT  \\$a8124$b40$c20230817$lBLL01$h1547
=CAT  \\$a8124$b40$c20230817$lBLL01$h1547
=FIN  \\$aY$d20230809
=LET  \0$aNorthern Ireland top fruit crops (Electronic)
=LAS  \\$a8124$b40$c20230817$lBLL01$h1547

