=LDR  01919cas a2200517 i 4500
=001  021171799
=003  Uk
=005  20230817155135.0
=006  m\\\\\|\\d\|\\\\\\
=007  cr\|||||||||||
=008  230809c20199999nikar\\\o\\\\o0\\\a0eng\\
=FMT  \\$a  SE
=015  \\$aGBC3F1262$2bnb
=040  \\$aUk$beng$cUk$erda
=042  \\$aukblsr
=082  04$a303.609416$223
=110  2\$aCommunity Relations Council,$eauthor.
=245  10$aOutcome delivery plan /$cCommunity Relations Council.
=246  17$aCRC outcome delivery plan
=264  \1$a[Belfast] :$bCommunity Relations Council,$c2019-
=300  \\$billustrations (colour)
=310  \\$aAnnual
=336  \\$atext$2rdacontent
=337  \\$acomputer$2rdamedia
=338  \\$aonline resource$2rdacarrier
=362  0\$a2019/20-
=500  \\$aTitle from PDF cover (publisher's website, viewed August 9, 2023).
=588  \\$aLatest issue consulted: 2020/2021 (viewed August 9, 2023).
=610  27$aCommunity Relations Council$2fast$0(OCoLC)fst01976762
=650  \7$aCommunities.$2fast$0(OCoLC)fst01430092
=650  \7$aPeace-building$xSocial aspects.$2fast$0(OCoLC)fst01983803
=651  \7$aNorthern Ireland.$2fast$0(OCoLC)fst01205215
=655  \7$aPeriodicals.$2fast$0(OCoLC)fst01411641
=780  00$aCommunity Relations Council.$tOperational plan
=856  4\$uhttps://www.community-relations.org.uk/corporate$zFollow links to resource
=856  40$uhttp://niopa.qub.ac.uk/handle/NIOPA/8096
=859  \\$aELD$bejournal
=985  \\$aWFH record (CS) 2023
=CAT  \\$a8124$b40$c20230809$lBLL01$h1053
=CAT  \\$a8124$b40$c20230809$lBLL01$h1054
=CAT  \\$a8124$b40$c20230809$lBLL01$h1103
=CAT  \\$a8124$b40$c20230815$lBLL01$h0844
=CAT  \\$a8124$b40$c20230817$lBLL01$h1551
=FIN  \\$aY$d20230809
=LET  \0$aOutcome delivery plan - Community relations Council (Electronic)
=LAS  \\$a8124$b40$c20230817$lBLL01$h1551

