=LDR  01902nas a2200469 i 4500
=001  021171820
=003  Uk
=005  20230809113712.0
=006  m\\\\\|\\d\|\\\\\\
=007  cr\|||||||||||
=008  230809c20159999nikqr\\so\\\\\0\\\a0eng\\
=FMT  \\$a  SE
=015  \\$aGBC3F1274$2bnb
=040  \\$aUk$beng$cUk$erda
=042  \\$aukblsr
=082  04$a331.761362109416$223
=245  00$aHealth and social care Northern Ireland quarterly workforce bulletin.
=246  1\$iWebsite link title:$aNorthern Ireland Health & Social care key facts workforce bulletin
=264  \1$aBelfast :$bInformation and Analysis Directorate, Department of Health, Social Sciences and Public Safety
=264  31$aBelfast :$bInformation and Analysis Directorate, Department of Health
=310  \\$aQuarterly
=336  \\$atext$2rdacontent
=337  \\$acomputer$2rdamedia
=338  \\$aonline resource$2rdacarrier
=362  0\$aMarch 2015-
=500  \\$aTitle from PDF caption (NI Department of Health website, viewed August 9, 2023).
=588  \\$aLatest issue consulted: September 2022 (viewed August 9, 2023).
=650  \7$aSocial service$xEmployees.$2fast$0(OCoLC)fst01123221
=650  \7$aMedical care.$2fast$0(OCoLC)fst01013753
=651  \7$aNorthern Ireland.$2fast$0(OCoLC)fst01205215
=655  \7$aStatistics.$2fast$0(OCoLC)fst01423727
=655  \7$aPeriodicals.$2fast$0(OCoLC)fst01411641
=780  00$tKey facts workforce bulletin
=856  4\$uhttps://www.health-ni.gov.uk/publications$zTo search
=856  40$uhttp://niopa.qub.ac.uk/handle/NIOPA/16061
=859  \\$aELD$bejournal
=CAT  \\$a8483$b40$c20230809$lBLL01$h1130
=CAT  \\$a8483$b40$c20230809$lBLL01$h1133
=CAT  \\$a8483$b40$c20230809$lBLL01$h1137
=FIN  \\$aY$d20230809
=LET  \0$aHealth and social care Northern Ireland quarterly workforce bulletin (Electronic)
=LAS  \\$a8483$b40$c20230809$lBLL01$h1137

