=LDR  01973cas a2200493 i 4500
=001  021171881
=003  Uk
=005  20230817155331.0
=006  m\\\\\|\\d\|\\\\\\
=007  cr\|||||||||||
=008  230809d201u2019nikfr\s\o\\\\o0\\\a0eng\\
=FMT  \\$a  SE
=040  \\$aUk$beng$cUk$erda
=042  \\$aukblsr
=082  04$a303.609416$223
=245  00$aT:BUC Engagement Forum newsletter
=246  3\$aTogether : Building a United Community Engagement Forum newsletter
=246  30$aT:BUC newsletter
=246  30$aNewsletter
=264  \1$a[Belfast] :$bNorthern Ireland Executive ; Community Relations Council,$c-2019.
=336  \\$atext$2rdacontent
=337  \\$acomputer$2rdamedia
=338  \\$aonline resource$2rdacarrier
=362  0\$a-September 2019.
=588  \\$aDescription based on: September 2016 ; title from PDF caption (niopa.qub.ac.uk/, viewed August 9, 2023).
=588  \\$aLatest issue consulted: September 2019 (viewed August 9, 2023).
=650  \7$aCommunities.$2fast$0(OCoLC)fst01430092
=650  \7$aPeace-building$xSocial aspects.$2fast$0(OCoLC)fst01983803
=650  \7$aEducation.$2fast$0(OCoLC)fst00902499
=650  \7$aPeace.$2fast$0(OCoLC)fst01055758
=651  \7$aNorthern Ireland.$2fast$0(OCoLC)fst01205215
=655  \7$aNewsletters.$2fast$0(OCoLC)fst01919943
=710  1\$aNorthern Ireland.$bExecutive Office,$eissuing body.
=710  2\$aCommunity Relations Council,$eissuing body.
=856  4\$uhttps://www.community-relations.org.uk/together-building-united-community-engagement-forum-tbuc-engagement-forum#toc-0$zTo search
=856  40$uhttps://niopa.qub.ac.uk/handle/NIOPA/8967
=859  \\$aELD$bejournal
=985  \\$aWFH record (CS) 2023
=CAT  \\$a8124$b40$c20230809$lBLL01$h1403
=CAT  \\$a8124$b40$c20230815$lBLL01$h0842
=CAT  \\$a8124$b40$c20230817$lBLL01$h1553
=FIN  \\$aY$d20230809
=LET  \0$aT:BUC Engagement Forum newsletter (Electronic)
=LAS  \\$a8124$b40$c20230817$lBLL01$h1553

