=LDR  02288nas a2200481 i 4500
=001  021174907
=003  Uk
=005  20230815101523.0
=007  cr\|||||||||||
=008  230815c20089999nikar\\\os\\\o0\\\a0eng\\
=FMT  \\$a  SE
=040  \\$aUk$beng$cUk$erda
=042  \\$aukblsr
=082  04$a331.761362109416$223
=245  00$aNorthern Ireland health and social care workforce census.
=264  \1$aBelfast :$bDepartment of Health Social Services and Public Safety, Information and Analysis Directorate, Project Support Analysis Branch
=264  31$32016-$aBelfast :$bDepartment of Health
=300  \\$billustrations (colour)
=310  \\$aAnnual
=336  \\$atext$2rdacontent
=337  \\$acomputer$2rdamedia
=338  \\$aonline resource$2rdacarrier
=362  1\$aPrint began in 2008.
=580  \\$aOriginal print version preceded by earlier title: Northern Ireland health & personnal social services workforce census
=588  \\$aDescription based on print version record.
=588  \\$aLatest issue consulted: March 2022 (NI Department of Health, viewed August 15, 2023).
=650  \7$aSocial service$xEmployees.$2fast$0(OCoLC)fst01123221
=650  \7$aMedical care.$2fast$0(OCoLC)fst01013753
=651  \7$aNorthern Ireland.$2fast$0(OCoLC)fst01205215
=655  \7$aStatistics.$2fast$0(OCoLC)fst01423727
=655  \7$aPeriodicals.$2fast$0(OCoLC)fst01411641
=710  1\$aNorthern Ireland.$bDepartment of Health, Social Services, and Public Safety.$bProject Support Analysis Branch.
=710  1\$aNorthern Ireland.$bDepartment of Health.$bInformation and Analysis Directorate,$eissuing body.
=776  08$iAlso issued in print -2016 as:$tNorthern Ireland health and social care workforce census
=856  4\$uhttps://www.health-ni.gov.uk/publications$zTo search
=856  40$uhttp://niopa.qub.ac.uk/handle/NIOPA/16063
=859  \\$aELD$bejournal
=CAT  \\$a8483$b40$c20230815$lBLL01$h1007
=CAT  \\$a8483$b40$c20230815$lBLL01$h1015
=FIN  \\$aY$d20230815
=LET  \0$aNorthern Ireland health and social care workforce census (Electronic)
=LKR  \\$aPAR$b015876574$lBLL01$r776$mNorthern Ireland health and social care workforce census.$nNorthern Ireland health and social care workforce census.
=LAS  \\$a8483$b40$c20230815$lBLL01$h1015

