=LDR  01963nas a2200481 i 4500
=001  021174911
=003  Uk
=005  20230815103009.0
=006  m\\\\\|\\d\|\\\\\\
=007  cr\|||||||||||
=008  230815c20209999nikar\\\o\s\\o0\\\a0eng\\
=FMT  \\$a  SE
=015  \\$aGBC3F3492$2bnb
=040  \\$aUk$beng$cUk$erda
=042  \\$aukblsr
=082  04$a362.1988809416021$223
=245  00$aNorthern Ireland hospital based termination of pregnancy statistics.
=264  \1$aBelfast :$bInformation Analysis Directorate,$c2020-
=300  \\$billustrations (colour)
=310  \\$aAnnual
=336  \\$atext$2rdacontent
=337  \\$acomputer$2rdamedia
=338  \\$aonline resource$2rdacarrier
=362  0\$a2020/21-
=500  \\$aTitle from PDF cover health-ni.gov.uk/, (viewed August 15, 2023).
=588  \\$aLatest issue consulted: 2021/2022 (viewed August 15, 2023).
=650  \7$aAbortion.$2fast$0(OCoLC)fst00794582
=651  \7$aNorthern Ireland.$2fast$0(OCoLC)fst01205215
=655  \7$aStatistics.$2fast$0(OCoLC)fst01423727
=655  \7$aPeriodicals.$2fast$0(OCoLC)fst01411641
=690  7\$aSocial Welfare$2blcoll
=710  1\$aNorthern Ireland.$bDepartment of Health.$bInformation and Analysis Directorate,$eissuing body.
=780  00$tNorthern Ireland termination of pregnancy statistics
=856  4\$uhttps://www.health-ni.gov.uk/articles/termination-pregnancy$zFollow links to resource
=856  40$uhttp://niopa.qub.ac.uk/handle/NIOPA/16037
=859  \\$aELD$bejournal
=985  \\$aWFH record (CS) 2023
=CAT  \\$a8124$b40$c20230815$lBLL01$h1029
=CAT  \\$a8124$b40$c20230815$lBLL01$h1030
=FIN  \\$aY$d20230815
=LET  \0$aNorthern Ireland hospital based termination of pregnancy statistics (Electronic)
=LKR  \\$aPAR$b021174910$lBLL01$r78000$mNorthern Ireland hospital based termination of pregnancy statistics$nNorthern Ireland termination of pregnancy statistics
=LAS  \\$a8124$b40$c20230815$lBLL01$h1030

