=LDR  02109cas a2200481 i 4500
=001  021178011
=003  Uk
=005  20230829155938.0
=006  m\\\\\|\\d\|\\\\\\
=007  cr\|||||||||||
=008  230816c201u9999nikar\\\o\s\\o0\\\a0eng\\
=FMT  \\$a  SE
=015  \\$aGBC3F6487$2bnb
=040  \\$aUk$beng$cUk$erda
=042  \\$aukblsr
=082  04$a362.198920009416$223
=245  00$aHealthy child, healthy future, health review statistics for Northern Ireland.
=246  30$aHealth review statistics for Northern Ireland
=264  \1$aBelfast :$bCommunity Information Branch Information & Analysis Directorate Department of Health
=310  \\$aAnnual
=336  \\$atext$2rdacontent
=337  \\$acomputer$2rdamedia
=338  \\$aonline resource$2rdacarrier
=500  \\$a"This publication presents key statistical information relating to Health Reviews for pre-school children in Northern Ireland".
=588  \\$aDescription based on: 2018/2019 issue ; title from PDF cover (https://www.health-ni.gov.uk/, viewed August 16, 2023).
=588  \\$aLatest issue consulted: 2021/2022 (viewed August 16, 2023).
=650  \7$aChild health services.$2fast$0(OCoLC)fst00854442
=650  \7$aPreschool children$xHealth and hygiene.$2fast$0(OCoLC)fst01075592
=651  \7$aNorthern Ireland.$2fast$0(OCoLC)fst01205215
=655  \7$aStatistics.$2fast$0(OCoLC)fst01423727
=690  7\$aSocial Welfare$2blcoll
=655  \7$aPeriodicals.$2fast$0(OCoLC)fst01411641
=710  1\$aNorthern Ireland.$bDepartment of Health.$bInformation and Analysis Directorate,$eissuing body.
=710  2\$aNorthern Ireland Statistics & Research Agency,$eissuing body.
=856  4\$uhttps://www.health-ni.gov.uk/$zTo search
=856  40$uhttp://niopa.qub.ac.uk/handle/NIOPA/16041
=859  \\$aELD$bejournal
=985  \\$aWFH record (CS) 2023
=CAT  \\$a8124$b40$c20230816$lBLL01$h1621
=CAT  \\$a8124$b40$c20230829$lBLL01$h1559
=FIN  \\$aY$d20230816
=LET  \0$aHealthy Child, Healthy Future, health review statistics for Northern Ireland (Electronic)
=LAS  \\$a8124$b40$c20230829$lBLL01$h1559

