=LDR  01399nas a2200385 i 4500
=001  021197181
=003  Uk
=005  20230905111722.0
=007  cr\|||||||||||
=008  230905c20uu9999nikar\\\o\\\\\0\\\a0eng\\
=FMT  \\$a  SE
=040  \\$aUk$beng$cUk$erda
=042  \\$aukblsr
=082  04$a387.16094167$223
=110  2\$aBelfast Harbour Commissioners,$eauthor.
=245  10$aSchedule of charges.
=264  \1$aBelfast :$bBelfast Harbour
=310  \\$aAnnual
=336  \\$atext$2rdacontent
=337  \\$acomputer$2rdamedia
=338  \\$aonline resource$2rdacarrier
=588  \\$aDescription based on: 2016; title from PDF cover 2015(NIOPA website, viewed September 5, 2023).
=588  \\$aLatest issue consulted: 2023 (Belfast Harbour website, viewed September 5, 2023).
=650  \7$aHarbors$xPort charges.$2fast$0(OCoLC)fst00951294
=651  \7$aNorthern Ireland$zBelfast.$2fast$0(OCoLC)fst01205832
=655  \7$aPeriodicals.$2fast$0(OCoLC)fst01411641
=856  4\$uhttps://www.belfast-harbour.co.uk/publications/$zTo search
=856  40$uhttp://niopa.qub.ac.uk/handle/NIOPA/9406
=859  \\$aELD$bejournal
=CAT  \\$a8483$b40$c20230905$lBLL01$h1022
=CAT  \\$a8483$b40$c20230905$lBLL01$h1051
=CAT  \\$a8483$b40$c20230905$lBLL01$h1117
=FIN  \\$aY$d20230905
=LET  \0$aBelfast Harbour schedule of charges (Electronic)
=LAS  \\$a8483$b40$c20230905$lBLL01$h1117

