=LDR  01558nas a2200433 i 4500
=001  021197214
=003  Uk
=005  20230905112647.0
=007  cr\|||||||||||
=008  230905c20uu9999nikar\\\o\\\\\0\\\a0eng\\
=FMT  \\$a  SE
=040  \\$aUk$beng$cUk$erda
=042  \\$aukblsr
=082  04$a623.8949094167021$223
=245  00$aBelfast Harbour tide tables.
=246  30$aTide tables
=264  \1$aBelfast :$bBelfast Harbour
=300  \\$billustrations (colour)
=310  \\$aAnnual
=336  \\$atext$2rdacontent
=337  \\$acomputer$2rdamedia
=338  \\$aonline resource$2rdacarrier
=588  \\$aDescription based on: 2015; title from PDF cover (NIOPA website, viewed September 5, 2023).
=588  \\$aLatest issue consulted: 2023 (Belfast Harbour website, viewed September 5, 2023).
=650  \7$aHarbors.$2fast$0(OCoLC)fst00951219
=650  \7$aTides.$2fast$0(OCoLC)fst01150792
=651  \7$aNorthern Ireland$zBelfast.$2fast$0(OCoLC)fst01205832
=655  \7$aTables.$2fast$0(OCoLC)fst01423914
=655  \7$aPeriodicals.$2fast$0(OCoLC)fst01411641
=710  2\$aBelfast Harbour Commissioners,$eissuing body.
=856  4\$uhttps://www.belfast-harbour.co.uk/publications/$zTo search
=856  40$uhttp://niopa.qub.ac.uk/handle/NIOPA/9405
=859  \\$aELD$bejournal
=CAT  \\$a8483$b40$c20230905$lBLL01$h1120
=CAT  \\$a8483$b40$c20230905$lBLL01$h1125
=CAT  \\$a8483$b40$c20230905$lBLL01$h1126
=FIN  \\$aY$d20230905
=LET  \0$aBelfast Harbour tide tables (Electronic)
=LAS  \\$a8483$b40$c20230905$lBLL01$h1126

