=LDR  01577nas a2200409 i 4500
=001  021202624
=003  Uk
=005  20230907091226.0
=007  cr\|||||||||||
=008  230907c20uu9999nikhr\\\o\\\\\0\\\a0eng\\
=FMT  \\$a  SE
=040  \\$aUk$beng$cUk$erda
=042  \\$aukblsr
=082  04$a387.10289$223
=110  2\$aBelfast Harbour Commissioners,$eauthor.
=245  10$aBelfast Harbour marine operations safety plan.
=246  30$aMarine operations safety plan
=264  \1$a[Belfast] :$bBelfast Harbour
=300  \\$billustrations (colour)
=310  \\$aEvery three years
=336  \\$atext$2rdacontent
=337  \\$acomputer$2rdamedia
=338  \\$aonline resource$2rdacarrier
=588  \\$aDescription based on: 2017/2019; title from PDF caption (NIOPA website, viewed September 7, 2023).
=588  \\$aLatest issue consulted: 2021/2023 (Belfast Harbour website, viewed September 7, 2023).
=650  \7$aHarbors$xPlanning.$2fast$0(OCoLC)fst00951292
=650  \7$aHarbors$xSafety measures.$2fast$0(OCoLC)fst00951303
=650  \7$aHarbors$xSafety regulations.$2fast$0(OCoLC)fst00951304
=651  \7$aNorthern Ireland$zBelfast.$2fast$0(OCoLC)fst01205832
=655  \7$aPeriodicals.$2fast$0(OCoLC)fst01411641
=856  4\$uhttps://www.belfast-harbour.co.uk/publications/$zTo search
=856  40$uhttp://niopa.qub.ac.uk/handle/NIOPA/9402
=859  \\$aELD$bejournal
=CAT  \\$a8483$b40$c20230907$lBLL01$h0912
=FIN  \\$aY$d20230907
=LET  \0$aBelfast Harbour marine operations safety plan (Electronic)
=LAS  \\$a8483$b40$c20230907$lBLL01$h0912

