=LDR  01945nas a2200481 i 4500
=001  021205198
=003  Uk
=005  20230912161557.0
=006  m\\\\\|\\d\|\\\\\\
=007  cr\|||||||||||
=008  230912c202u9999enkuu\p\o\\\\\0\\\a0eng\\
=FMT  \\$a  SE
=015  \\$aGBC3H2262$2bnb
=022  0\$a2756-2727$202
=040  \\$aUk$beng$cUk$erda
=042  \\$aukblsr$aissnuk
=082  04$a338.476218672$223
=222  \0$aArgus pipe logix OCTG demand report
=245  00$aArgus pipe logix OCTG demand report.
=264  \1$aLondon :$bArgus Media group
=300  \\$billustrations (colour)
=336  \\$atext$2rdacontent
=337  \\$acomputer$2rdamedia
=338  \\$aonline resource$2rdacarrier
=588  \\$aDescription based on: [2023], Q3 update.
=650  \7$aPipelines.$2fast$0(OCoLC)fst01064626
=650  \7$aPipe industry.$2fast$0(OCoLC)fst01064534
=650  \7$aPetroleum pipeline industry.$2fast$0(OCoLC)fst01059677
=650  \7$aSupply and demand.$2fast$0(OCoLC)fst01139115
=651  \7$aUnited States.$2fast$0(OCoLC)fst01204155
=655  \7$aStatistics.$2fast$0(OCoLC)fst01423727
=650  \7$aMarket surveys.$2fast$0(OCoLC)fst01010149
=655  \7$aPeriodicals.$2fast$0(OCoLC)fst01411641
=690  7\$aManagement and Business Studies$2blcoll
=710  2\$aArgus Media (Agency),$eissuing body.
=856  4\$uhttp://www.argusmedia.com$zTo subscribe
=856  4\$uhttps://www.argusmedia.com/en/metals/pipe-logix/line-pipe
=859  \\$aELD$bejournal
=985  \\$aDon't know how this fits in with the other products on this page, but can't find another relevevant page; as far as I can tell not a CT from any of the other titles on file; this one focussed on demand/market info rather than prices, so 33.47 - probably quarterly.
=CAT  \\$a3072$b40$c20230912$lBLL01$h1615
=FIN  \\$aY$d20230912
=LET  \0$aArgus pipe logix OCTG demand report (Electronic)
=LAS  \\$a3072$b40$c20230912$lBLL01$h1615

