=LDR  03245aas a2200709 a 4500
=001  013686741
=003  Uk
=005  20140415085129.0
=006  m\\\\\o\\d\\\\\\\\
=007  cr\cnu||||||||
=008  071003d20072010enk\x\pso\\\\\0\\\a0eng\c
=010  \\$a2008204012
=015  \\$aGBB401139$2bnb
=022  0\$a1754-0410$202
=035  \\$a(OCoLC)173650008
=040  \\$aCIT$beng$cCIT$dOCLCS$dDLC$dMUQ$dOCLCQ$dUk
=042  \\$aissnuk$aukblsr
=050  00$aQC770
=082  04$a539.705$222
=222  \0$aPMC physics A
=245  00$aPMC physics.$nA$h[electronic resource].
=246  3\$aPhysMath Central physics.$nA
=246  30$aPhysics.$nA
=260  \\$aLondon :$bPhysMath Central,$c2007-2010.
=336  \\$atext$2rdacontent
=337  \\$acomputer$2rdamedia
=338  \\$aonline resource$2rdacarrier
=362  0\$a1:1 (Oct. 2, 2007)- 4:1 (19 February 2010).
=500  \\$aTitle from journal home page (publisher's Web site, viewed Oct. 3, 2007).
=515  \\$aArticles are continuously posted as they are accepted for publication, each article numbered as its own issue.
=520  \\$a"PMC Physics A is an international, peer-reviewed, open access journal that publishes articles on high-energy & nuclear physics, cosmology, gravity & astroparticle physics and also the instrumentation & data analysis of results in these areas"--Aims & scope (publisher's Web site, viewed Oct. 3, 2007).
=540  \\$aCurrent Copyright Fee: GBP29.95$c0$5Uk
=550  \\$aSponsored by: CERN; and, DESY.
=588  \\$aLatest issue consulted: 3:4 (7 Oct. 2010) (viewed Jan. 8, 2013).
=588  \\$aSpringer's STM division and BioMed Central are joining forces and will integrate PMC Physics A and PMC Physics B into a new initiative of the European Physical Journal (EPJ) EPJ.Open - info. from journal home home viewed Jan. 8, 2013.$5Uk
=650  \0$aNuclear physics$vPeriodicals.
=650  \0$aParticles (Nuclear physics)$vPeriodicals.
=710  2\$aEuropean Organization for Nuclear Research.
=710  2\$aDeutsches Elektronen-Synchrotron (Center)
=787  08$iComplemented by:$tPMC physics. B$x1754-0429
=856  40$uhttp://www.physmathcentral.com/pmcphysa$xOA-J
=856  40$uhttp://ejournals.ebsco.com/direct.asp?JournalID=714517
=859  \\$aELD$bejournal
=985  \\$aDerived record had Biomed as publisher, but PhysMath on PDFs; Biomed is the "parent publishing group" 1:1 p.2.
=985  \\$aISSN UK Centre note: ROAD OA
=CAT  \\$a11439$b40$c20070302$lBLL01$h1430
=CAT  \\$a6537$b40$c20080409$lBLL01$h1413
=CAT  \\$a3072$b40$c20140107$lBLL01$h1340
=CAT  \\$a3072$b40$c20140107$lBLL01$h1341
=CAT  \\$a3072$b40$c20140107$lBLL01$h1402
=CAT  \\$a3072$b40$c20140120$lBLL01$h1350
=CAT  \\$aBATCH-CLA$b00$c20140228$lBLL01$h1611
=CAT  \\$aIPL-CLA$c20140331$lBLL01$h1630
=CAT  \\$a11316$b40$c20140415$lBLL01$h0851
=CAT  \\$aW1711-1005$c20171206$lBLL01$h1820
=CFI  0\$aCurrent Copyright Fee: GBP29.95$c0$e01-apr-2014$fGBP29.95$g0$hC$5Uk
=FIN  \\$aY$d20080409
=FMT  \\$a  SE
=LAS  \\$aW1711-1005$b00$c20171206$lBLL01$h1820
=LKR  \\$aPAR$b013686749$lBLL01$r787$mPMC physics A$nPMC physics B
=SID  \\$aZ39$bOCLC
=TCO  \\$aCLA$bCLA$c008

