=LDR  02480 as a2200589 a 4500
=001  013438622
=003  Uk
=005  20210125092658.0
=006  m\\\\\|\\d\|\\\\\\
=007  cr\|||||||||||
=008  060329d19uu2011ie\ar\p\\\\\\\0\\\a0eng\\
=FMT  \\$a  SE
=040  \\$aUk$beng$cUk$erda
=042  \\$aukblsr
=082  04$a385.09415$223
=110  2\$aIrish Rail,$eauthor.
=245  10$aAnnual report and financial statements /$cIarnród Éireann.
=264  \1$aDublin :$bIarnród Éireann.
=300  \\$billustrations (colour)
=310  \\$aAnnual
=336  \\$atext$2rdacontent
=337  \\$aunmediated$2rdamedia
=338  \\$avolume$2rdacarrier
=362  0\$a-2011.
=546  \\$aIrish language edition is entitled: Tuarascáil Bhliantúil agus Ráitis Airgeadais.
=588  \\$aDescription based on: 2003; title from PDF cover (publisher's Web site, viewed September 17, 2018).
=588  \\$aLatest issue consulted: 2011 (viewed September 19, 2019).
=610  20$aIrish Rail$vPeriodicals.
=610  20$aIrish Rail$xFinance$vPeriodicals.
=785  00$aIrish Rail.$tAnnual report
=856  40$uhttp://www.irishrail.ie/about-us/annual-reports
=859  \\$aELD$bejournal
=985  \\$a2017 changed to Iarnród Éireann annual report : financial year ended. Decision to wait for the 2018 issue and see if the title is stable to avoid needless flip flopping records. 2018 entitled Annual report, so decision taken to back date the C/T to Annual report back to 2012 (since only 2016 reverted to Annual report and financial statements). ED 19/09/19.
=CAT  \\$a10902$b40$c20060329$lBLL01$h0827
=CAT  \\$a10902$b40$c20060329$lBLL01$h0851
=CAT  \\$a11249$b40$c20060418$lBLL01$h0919
=CAT  \\$aW1711-1225$c20171203$lBLL01$h1023
=CAT  \\$a8874$b40$c20180815$lBLL01$h1300
=CAT  \\$a8483$b40$c20180917$lBLL01$h1438
=CAT  \\$a8483$b40$c20180917$lBLL01$h1451
=CAT  \\$a8483$b40$c20180918$lBLL01$h0913
=CAT  \\$a8483$b40$c20180918$lBLL01$h0952
=CAT  \\$a8483$b40$c20180918$lBLL01$h1025
=CAT  \\$a8483$b40$c20180918$lBLL01$h1026
=CAT  \\$a8483$b40$c20180918$lBLL01$h1145
=CAT  \\$a8483$b40$c20180918$lBLL01$h1205
=CAT  \\$a8483$b40$c20190919$lBLL01$h1019
=CAT  \\$a6490$b40$c20210125$lBLL01$h0926
=FIN  \\$aY$d20180917
=LET  \0$aAnnual report and financial statements - Iarnród Éireann (Electronic)
=TCO  \\$aZZZ$c008
=LAS  \\$a6490$b40$c20210125$lBLL01$h0926

