=LDR  01546 as a2200445 i 4500
=001  020006376
=003  Uk
=005  20201119140452.0
=006  m\\\\\|\\d\|\\\\\\
=007  cr\|||||||||||
=008  201110c20189999enkar\p\o\\\\\0\\\a0eng\\
=FMT  \\$a  SE
=022  \\$a2634-9191$y2045-8509$202
=040  \\$aUk$beng$cUk$erda
=042  \\$aukblsr$aissnuk
=082  04$a323.05$223
=222  \0$aCentury journal of human rights
=245  00$aCentury journal of human rights.
=246  13$aCJHR
=264  \1$a[London?] :$bCentury Publications,$c2018-
=310  \\$aAnnual
=336  \\$atext$2rdacontent
=337  \\$acomputer$2rdamedia
=338  \\$aonline resource$2rdacarrier
=362  0\$aVolume 8, number 1 (2018)-
=500  \\$aTitle from PDF header (publisher's website, viewed November 10, 2020).
=580  \\$aIncludes issues of earlier title: Sacha journal of human rights.
=650  \0$aHuman rights$vPeriodicals.
=780  10$tSacha journal of human rights$x2045-8517
=856  40$uhttps://www.centurypublications.com/sacha-journal-of-human-rights--sjhr-.php
=859  \\$aELD$bejournal
=985  \\$aMay be dead (Nov. 2020)
=985  \\$aWFH record (CS) 2020
=CAT  \\$a8124$b40$c20201110$lBLL01$h1530
=CAT  \\$a8124$b40$c20201119$lBLL01$h1404
=FIN  \\$aY$d20201110
=LET  \0$aCentury journal of human rights (Electronic)
=LKR  \\$aPAR$b015692131$lBLL01$r78000$mCentury journal of human rights$nSacha journal of human rights
=MNI  \\$a2634-9191
=LAS  \\$a8124$b40$c20201119$lBLL01$h1404

