=LDR  01947 as a2200481 i 4500
=001  020011812
=003  Uk
=005  20201120103223.0
=006  m\\\\\|\\d\|\\\\\\
=007  cr\|||||||||||
=008  201117c20169999enkar\p\o\\\\\0\\\a0eng\\
=FMT  \\$a  SE
=015  \\$aGBC0H8792$2bnb
=022  \\$a2634-9205$202
=040  \\$aUk$beng$cUk$erda
=042  \\$aukblsr$aissnuk
=082  04$a378.42462$223
=130  0\$aJournal of academic development and education (Student edition)
=222  \4$aThe journal of academic development and education. Student edition
=245  14$aThe journal of academic development and education.
=246  30$aJADE
=250  \\$aStudent edition.
=264  \1$aKeele :$bLearning and Professional Development Centre, University of Keele,$c2016-
=336  \\$atext$2rdacontent
=337  \\$acomputer$2rdamedia
=338  \\$aonline resource$2rdacarrier
=362  0\$aIssue 1 (December 2016)-
=500  \\$aTitle from PDF cover (publisher's website, viewed November 17, 2020).
=588  \\$aLatest issue consulted: issue 3 (October 2018) (viewed November 17, 2020).
=610  20$aUniversity of Keele$xUndergraduates$vPeriodicals.
=710  2\$aUniversity of Keele,$eissuing body.
=775  0\$tJournal of academic development and education$x2051-3593
=856  4\$uhttps://jadekeele.wordpress.com/
=859  \\$aELD$bejournal
=985  \\$aWhilst the main journal is about how to teach in a university setting, the student journal is simply articles from students' academic studies in all subjects
=985  \\$aWFH record (CS), November 2020
=CAT  \\$a8124$b40$c20201117$lBLL01$h1315
=CAT  \\$a8124$b40$c20201117$lBLL01$h1320
=CAT  \\$a8124$b40$c20201119$lBLL01$h1554
=CAT  \\$a7152$b40$c20201120$lBLL01$h1032
=FIN  \\$aY$d20201117
=LET  \0$aThe journal of academic development and education. Student edition (Electronic)
=LAS  \\$a7152$b40$c20201120$lBLL01$h1032

