=LDR  01817 as a2200493 i 4500
=001  020023410
=003  Uk
=005  20210414093936.0
=006  m\\\\\\\\d\|\\\\\\
=007  cr||||||||||||
=008  201130c20219999enkbx\p\o\\\\\0\\\a0eng\\
=FMT  \\$a  SE
=015  \\$aGBC154212$2bnb
=022  0\$a2634-2405$202
=040  \\$aUk$beng$cUk$erda
=042  \\$aissnuk$aukblsr
=082  04$a543.5$223
=130  0\$aSpectroscopy world (2021)
=210  0\$aSpectrosc. world$b(2021)
=222  \0$aSpectroscopy world$b(2021)
=245  10$aSpectroscopy world.
=264  \1$aChichester :$bIM Publications Open LLP
=300  \\$billustrations (colour)
=310  \\$aEight times a year
=336  \\$atext$2rdacontent
=337  \\$acomputer$2rdamedia
=338  \\$aonline resource$2rdacarrier
=362  0\$aVolume 33, no. 1 (February 2021)-
=515  \\$aAdopts the numbering of sister publication Spectroscopy Europe.
=500  \\$aTitle from PDF cover (Spectroscopy Europe website, viewed April 13, 2021).
=588  \\$aLatest issue consulted: volume 33, number 3 (April 2021) (viewed April 13, 2021).
=650  \0$aSpectrum analysis$vPeriodicals.
=787  0\$tSpectroscopy Europe$x2634-2561
=859  \\$aELD$bejournal
=856  40$uhttps://www.spectroscopyeurope.com/sa-archive
=985  \\$aPreviously published in print 1989 to 1992 (ISSN 0956-9820) before forming Spectroscopy Europe. It is being resurrected as online only title in 2021.
=CAT  \\$a10806$b40$c20201130$lBLL01$h0904
=CAT  \\$a10806$b40$c20201130$lBLL01$h0909
=CAT  \\$a10806$b40$c20210325$lBLL01$h1216
=CAT  \\$a8483$b40$c20210413$lBLL01$h1509
=CAT  \\$a8483$b40$c20210414$lBLL01$h0939
=FIN  \\$aY$d20210325
=LET  \0$aSpectroscopy world (Electronic)
=LAS  \\$a8483$b40$c20210414$lBLL01$h0939

