=LDR  02355 as a2200505 i 4500
=001  020036873
=003  Uk
=005  20201210111753.0
=006  m\\\\\|\\d\|\\\\\\
=007  cr\|||||||||||
=008  201208d20172019enkzr\\\o\\\\o0\\\a0eng\\
=FMT  \\$a  SE
=040  \\$aUk$beng$cUk$erda
=042  \\$aukblsr
=082  04$a353.5360942905$223
=110  2\$aChildren's Commissioner for Wales,$eauthor.
=240  10$aAdroddiad blynyddol a chyfrifon (2018).$lEnglish
=245  10$aAnnual report and accounts /$cComisiynydd Plant Cymru, Children's Commissioner for Wales.
=246  1\$iUpdated by:$aQuarterly update on annual report
=264  \1$aSwansea :$bComisiynydd Plant Cymru
=310  \\$aAnnual, with quarterly updates
=336  \\$atext$2rdacontent
=337  \\$acomputer$2rdamedia
=338  \\$aonline resource$2rdacarrier
=362  0\$a2017/18-2018/19.
=500  \\$aTitle from PDF cover (publisher's Web site, viewed December 8, 2020).
=588  \\$aLatest issue consulted: 2018/19 issue (publisher's Web site, viewed December 8, 2020).
=610  20$aChildren's Commissioner for Wales$vPeriodicals.
=610  20$aChildren's Commissioner for Wales$xFinance$vPeriodicals.
=650  \0$aChildren's rights$zWales$vPeriodicals.
=650  \0$aChildren$xLegal status, laws, etc.$zWales$vPeriodicals.
=775  0\$aChildren's Commissioner for Wales.$tAdroddiad blynyddol a chyfrifon (2018)
=780  01$aChildren's Commissioner for Wales.$tAdroddiad blynyddol =$bAnnual report
=785  06$aChildren's Commissioner for Wales.$tAdroddiad blynyddol. English
=785  06$aChildren's Commissioner for Wales.$tChyfrifon. English
=856  40$uhttps://www.childcomwales.org.uk/categories/annual-reports
=859  \\$aELD$bejournal
=CAT  \\$a3072$b40$c20201208$lBLL01$h1734
=CAT  \\$a3072$b40$c20201209$lBLL01$h1737
=CAT  \\$a3072$b40$c20201210$lBLL01$h1115
=CAT  \\$a3072$b40$c20201210$lBLL01$h1117
=LET  \0$aAnnual report - Children's Commissioner for Wales (Electronic)
=LKR  \\$aPAR$b017709027$lBLL01$nAdroddiad blynyddol = annual report - Children's Commissioner for Wales (Print)$mAnnual report - Children's Commissioner for Wales (Online)$r78001
=LKR  \\$aPAR$b020037242$lBLL01$r775$mAnnual report and accounts /$nAdroddiad blynyddol a chyfrifon /
=LAS  \\$a3072$b40$c20201210$lBLL01$h1117

