=LDR  01887 as a2200457 i 4500
=001  020037244
=003  Uk
=005  20201210114601.0
=006  m\\\\\|\\d\|\\\\\\
=007  cr\|||||||||||
=008  201209c20199999wlkzr\\\o\\\\o0\\\a0wel\\
=FMT  \\$a  SE
=040  \\$aUk$beng$cUk$erda
=042  \\$aukblsr
=082  04$a353.5360942905$223
=110  2\$aChildren's Commissioner for Wales,$eauthor.
=240  10$aAdroddiad blynyddol (2020)
=245  10$aAdroddiad blynyddol /$cComisiynydd Plant Cymru, Children's Commissioner for Wales.
=246  1\$iUpdated by:$aDiweddariad chwarterol o argymhellion adroddiad blynyddol
=264  \1$aAbertawe :$bComisiynydd Plant Cymru
=310  \\$aAnnual
=336  \\$atext$2rdacontent
=337  \\$acomputer$2rdamedia
=338  \\$aonline resource$2rdacarrier
=362  0\$a2019/20-
=588  \\$aTitle from PDF cover (publisher's Web site, viewed December 8, 2020).
=610  20$aChildren's Commissioner for Wales$vPeriodicals.
=610  20$aChildren's Commissioner for Wales$xFinance$vPeriodicals.
=650  \0$aChildren's rights$zWales$vPeriodicals.
=650  \0$aChildren$xLegal status, laws, etc.$zWales$vPeriodicals.
=775  0\$aChildren's Commissioner for Wales.$tAdroddiad blynyddol. (2020). English
=780  07$aChildren's Commissioner for Wales.$tAdroddiad blynyddol a chyfrifon (2018)
=856  40$uhttps://www.complantcymru.org.uk/categories/adroddiadau-blynyddol/
=859  \\$aELD$bejournal
=CAT  \\$a3072$b40$c20201209$lBLL01$h1744
=CAT  \\$a3072$b40$c20201210$lBLL01$h1121
=CAT  \\$a3072$b40$c20201210$lBLL01$h1144
=CAT  \\$a3072$b40$c20201210$lBLL01$h1146
=LET  \0$aAdroddiad blynyddol - Children's Commissioner for Wales (Electronic)
=LKR  \\$aPAR$b020037242$lBLL01$r78007$mAdroddiad blynyddol /$nAdroddiad blynyddol a chyfrifon /
=LAS  \\$a3072$b40$c20201210$lBLL01$h1146

