=LDR  01506 as a2200397 i 4500
=001  020037560
=003  Uk
=005  20201210114947.0
=006  m\\\\\|\\d\|\\\\\\
=007  cr\|||||||||||
=008  201210c20199999wlkar\\\o\\\\o0\\\a0eng\\
=FMT  \\$a  SE
=040  \\$aUk$beng$cUk$erda
=042  \\$aukblsr
=082  04$a353.53609429$223
=110  2\$aChildren's Commissioner for Wales,$eauthor.
=240  10$aChyfrifon.$lEnglish
=245  10$aAccounts /$cComisiynydd Plant Cymru, Children's Commissioner for Wales.
=264  \1$aSwansea :$bComisiynydd Plant Cymru
=310  \\$aAnnual
=336  \\$atext$2rdacontent
=337  \\$acomputer$2rdamedia
=338  \\$aonline resource$2rdacarrier
=362  0\$a2019/20-
=588  \\$aTitle from PDF cover (publisher's Web site, viewed December 10, 2020).
=610  20$aChildren's Commissioner for Wales$xFinance$vPeriodicals.
=775  0\$aChildren's Commissioner for Wales.$tChyfrifon
=780  01$aChildren's Commissioner for Wales.$tAdroddiad blynyddol a chyfrifon (2018). English
=856  40$uhttps://www.childcomwales.org.uk/categories/annual-reports
=859  \\$aELD$bejournal
=CAT  \\$a3072$b40$c20201210$lBLL01$h1043
=CAT  \\$a3072$b40$c20201210$lBLL01$h1149
=LET  \0$aAccounts - Children's Commissioner for Wales (Electronic)
=LKR  \\$aPAR$b020037242$lBLL01$nAdroddiad blynyddol a chyfrifon$mChyfrifon$r78001
=LKR  \\$aPAR$b020037246$lBLL01$nChyfrifon$mAccounts$r775
=LAS  \\$a3072$b40$c20201210$lBLL01$h1149

