=LDR  01428 as a2200397 i 4500
=001  020167279
=003  Uk
=005  20210421100147.0
=007  cr\|||||||||||
=008  210421c200u9999ie\mr\p\\\\\\\0\\\a0eng\\
=FMT  \\$a  SE
=015  \\$aGBC162377$2bnb
=040  \\$aUk$beng$cUk$erda
=042  \\$aukblsr
=082  04$a615.1$223
=245  00$aTherapeutics today.
=264  \1$aDublin :$bNMIC & Trinity College Department of Therapeutics
=310  \\$aMonthly
=336  \\$atext$2rdacontent
=337  \\$acomputer$2rdamedia
=338  \\$aonline resource$2rdacarrier
=588  \\$aDescription based on print version record.
=588  \\$aLatest issue consulted: April 2021, issue 4 (National Medicines Information Centre website, viewed April 21, 2021).
=650  \0$aChemotherapy$vPeriodicals.
=650  \0$aDrugs$zIreland$vPeriodicals.
=710  2\$aNational Medicines Information Centre (Ireland)
=776  08$iAlso issued in print as:$tTherapeutics today
=856  40$uhttps://nmiccomms.newsweaver.com/1khv9z6at3/12qj4z42nid
=859  \\$aELD$bejournal
=CAT  \\$a8483$b40$c20210421$lBLL01$h0943
=CAT  \\$a8483$b40$c20210421$lBLL01$h0958
=CAT  \\$a8483$b40$c20210421$lBLL01$h1001
=FIN  \\$aY$d20210421
=LET  \0$aTherapeutics today (Electronic)
=LKR  \\$aPAR$b013172900$lBLL01$r776$mTherapeutics today (Online)$nTherapeutics today (Print)
=LAS  \\$a8483$b40$c20210421$lBLL01$h1001

