=LDR  03336aas a2200721 i 4500
=001  020167593
=003  Uk
=005  20210616164847.0
=006  m\\\\\\\\d\|\\\\\\
=007  cr||||||||||||
=008  210421d20132020enkqr\p\o\\\\\0\\\a0eng\\
=FMT  \\$a  SE
=015  \\$aGBC197107$2bnb
=022  0\$a2753-0523$y2052-0220$202
=040  \\$aUk$beng$cUk$dUk$erda
=042  \\$aissnuk$aukblsr
=082  04$a338.4764795$223
=130  0\$aFoodservice consultant.$sAmericas edition.
=222  \0$aFoodservice consultant$b(Americas ed. Online)
=245  10$aFoodservice consultant.
=246  3\$aFood service consultant
=250  \\$aAmericas edition.
=264  \1$aLondon :$bProgressive Customer Publishing,$c2013-2020.
=264  31$a[London] :$bProgressive Content
=300  \\$billustrations (black and white, and colour)
=310  \\$aQuarterly
=336  \\$atext$2rdacontent
=337  \\$acomputer$2rdamedia
=338  \\$aonline resource$2rdacarrier
=500  \\$aDescription based on: Print version record.
=580  \\$aMerged with: Foodservice consultant. Asia Pacific edition, and: Foodservice consultant. EAME edition to form: Foodservice consultant. Global edition.
=588  \\$aLatest issue consulted: 2020/Q3 (turning pages version, viewed June 15, 2021).
=650  \0$aFood service equipment industry$zNorth America$vPeriodicals.
=650  \0$aFood service equipment industry$zSouth America$vPeriodicals.
=650  \0$aRestaurants$xEquipment and supplies$zNorth America$vPeriodicals.
=650  \0$aRestaurants$xEquipment and supplies$zSouth America$vPeriodicals.
=650  \0$aFood service$zNorth America$vPeriodicals.
=650  \0$aFood service$zSouth America$vPeriodicals.
=690  7\$aManagement and Business Studies$2blcoll
=710  2\$aFoodservice Consultants Society International,$eissuing body.
=776  08$iAlso issued in print as:$tFoodservice consultant$bAmericas edition$x2052-0220
=785  17$tFoodservice consultant$bGlobal edition$x2752-6070
=785  17$tFoodservice consultant$bAsia Pacific edition$x2753-0531
=785  17$tFoodservice consultant$bEAME edition$x2753-054X
=856  4\$uhttps://www.fcsi.org/foodservice-consultant/past-editions/
=859  \\$aELD$bejournal
=985  \\$aISSN description based on print version record.
=985  \\$aWFH record (CS) 2021
=CAT  \\$a10973$b40$c20210421$lBLL01$h1548
=CAT  \\$a10973$b40$c20210421$lBLL01$h1555
=CAT  \\$a10973$b40$c20210421$lBLL01$h1559
=CAT  \\$a10973$b40$c20210421$lBLL01$h1620
=CAT  \\$a10973$b40$c20210421$lBLL01$h1629
=CAT  \\$a8124$b40$c20210615$lBLL01$h1528
=CAT  \\$a8124$b40$c20210616$lBLL01$h1646
=CAT  \\$a8124$b40$c20210616$lBLL01$h1648
=FIN  \\$aY$d20210421
=LET  \0$aFoodservice consultant. Americas edition (Electronic)
=LKR  \\$aPAR$b016247480$lBLL01$r776$mFoodservice consultant. Americas edition (Online)$nFoodservice consultant. Americas edition (Print)
=LKR  \\$aPAR$b020167603$lBLL01$nFoodservice consultant. Asia Pacific edition (Online)$mFoodservice consultant. Americas edition (Online)$r78517
=LKR  \\$aPAR$b020167607$lBLL01$nFoodservice consultant. EAME edition (Online)$mFoodservice consultant. Americas edition (Online)$r78517
=MNI  \\$a2753-0523
=LAS  \\$a8124$b40$c20210616$lBLL01$h1648

