=LDR  02957aas a2200649 i 4500
=001  020167603
=003  Uk
=005  20210616164734.0
=006  m\\\\\\\\d\|\\\\\\
=007  cr||||||||||||
=008  210421d20132020enkqr\p\o\\\\\0\\\a0eng\\
=FMT  \\$a  SE
=015  \\$aGBC193940$2bnb
=022  0\$a2753-0531$y2052-0220$y2053-6755$202
=040  \\$aUk$beng$cUk$dUk$erda
=042  \\$aissnuk$aukblsr
=082  04$a338.4764795$223
=130  0\$aFoodservice consultant.$sAsia Pacific edition.
=222  \0$aFoodservice consultant$b(Asia Pacific ed. Online)
=245  10$aFoodservice consultant.
=250  \\$aAsia Pacific edition.
=264  \1$aLondon :$bProgressive Customer Publishing,$c2013-2020.
=264  31$a[London] :$bProgressive Content
=300  \\$billustrations (black and white, and colour)
=310  \\$aQuarterly
=336  \\$atext$2rdacontent
=337  \\$acomputer$2rdamedia
=338  \\$aonline resource$2rdacarrier
=362  0\$a2013/Q1-2020/Q3.
=588  \\$aDescription based on: Print version record.
=580  \\$aMerged with: Foodservice consultant. Americas edition, and: Foodservice consultant. EAME edition to form: Foodservice consultant. Global edition.
=588  \\$aLatest issue consulted: 2020/Q3 (turning pages version, viewed June 15, 2021).
=650  \0$aFood service equipment industry$zPacific area$vPeriodicals.
=650  \0$aRestaurants$xEquipment and supplies$zPacific area$vPeriodicals.
=650  \0$aFood service$vPeriodicals.
=650  \0$aFood service management$vPeriodicals.
=650  \0$aHospitality industry$vPeriodicals.
=690  7\$aManagement and Business Studies$2blcoll
=710  2\$aFoodservice Consultants Society International,$eissuing body.
=776  08$iAlso issued in print as:$tFoodservice consultant$bAsia Pacific edition$x2053-6755
=785  17$tFoodservice consultant$bGlobal edition$x2752-6070
=785  17$tFoodservice consultant$bAmericas edition$x2753-0523
=785  17$tFoodservice consultant$bEAME edition$x2753-054X
=856  4\$uhttps://www.fcsi.org/foodservice-consultant/past-editions/
=859  \\$aELD$bejournal
=985  \\$aISSN description based on: 1 (2013) ; title from pdf (www.fcsi.org, viewed April 21, 2021).
=985  \\$aWFH record (CS) 2021
=CAT  \\$a10973$b40$c20210421$lBLL01$h1611
=CAT  \\$a10973$b40$c20210421$lBLL01$h1631
=CAT  \\$a10806$b40$c20210520$lBLL01$h1203
=CAT  \\$a8124$b40$c20210615$lBLL01$h1516
=CAT  \\$a8124$b40$c20210616$lBLL01$h1647
=FIN  \\$aY$d20210421
=LET  \0$aFoodservice consultant. Asia Pacific edition (Electronic)
=LKR  \\$aPAR$b016493550$lBLL01$r776$mFoodservice consultant. Asia Pacific edition (Online)$nFoodservice consultant. Asia Pacific edition (Print)
=LKR  \\$aPAR$b020167607$lBLL01$nFoodservice consultant. EAME edition (Online)$mFoodservice consultant. Asia Pacific edition (Online)$r78517
=LAS  \\$a8124$b40$c20210616$lBLL01$h1647

