=LDR  02380aas a2200601 i 4500
=001  018541169
=003  Uk
=005  20220105122901.0
=006  m\\\\\\\\d\|\\\\\\
=007  cr||||||||||||
=008  171003c20179999enk\x\p\o\\\\\0\\\e0chi\\
=FMT  \\$a  SE
=015  \\$aGBC200170$2bnb
=022  0\$a2515-7736$202
=040  \\$aUk$beng$cUk$dUk$erda
=042  \\$aissnuk$aukblsr
=082  04$a610.285$223
=222  \0$6880-01$aGuo ji yi xue yu shu ju za zhi
=245  00$6880-02$aGuo ji yi xue yu shu ju za zhi =$bInternational journal of medicine and data.
=246  31$aInternational journal of medicine and data
=264  \1$6880-03,$a[Lundun] :$bKai fang huo qu qi kan yan jiu zhong xin = Open Access Journal Research Center$c2017-
=300  \\$billustrations (colour)
=336  \\$atext$2rdacontent
=337  \\$acomputer$2rdamedia
=338  \\$aonline resource$2rdacarrier
=362  0\$a1:1 (2017)-
=500  \\$aPublished by Open Access Journal Research Center, London.
=500  \\$aTitle from PDF thumbnail (publisher's website, viewed January 5, 2022).
=515  \\$aArticles added, as accepted, to current issue.
=588  \\$aLatest issue consulted: 5: 1 (2021) (viewed January 5, 2022).
=650  \0$aMedicine$vPeriodicals.
=650  \0$aMedicine$xData processing$vPeriodicals.
=650  \0$aMedical informatics$vPeriodicals.
=856  40$uhttp://ijmd.oajrc.org/
=859  \\$aELD$bejournal
=880  \0$6222-01$a国际医学与数据杂志
=880  00$6245-02$a国际医学与数据杂志 =$bInternational journal of medicine and data.
=880  \1$6264-03$a[伦敦] :$b开放获取期刊研究中心
=985  \\$aISSN description based on: Title from journal homepage; viewed October 13 2017.
=985  \\$aWFH record (CS) 2022
=CAT  \\$a11313$b40$c20171003$lBLL01$h1120
=CAT  \\$a11313$b40$c20171003$lBLL01$h1303
=CAT  \\$a11313$b40$c20171013$lBLL01$h1331
=CAT  \\$a11313$b40$c20171013$lBLL01$h1338
=CAT  \\$a13876$b40$c20171013$lBLL01$h1715
=CAT  \\$a13876$b40$c20171013$lBLL01$h1716
=CAT  \\$a11313$b40$c20171016$lBLL01$h1424
=CAT  \\$a8124$b40$c20220105$lBLL01$h1151
=CAT  \\$a8124$b40$c20220105$lBLL01$h1229
=FIN  \\$aY$d20171013
=LET  \0$aInternational journal of medicine and data (Electronic)
=MNI  \\$a2515-7736
=LAS  \\$a8124$b40$c20220105$lBLL01$h1229

