=LDR  02361aas a2200601 i 4500
=001  018541252
=003  Uk
=005  20220105113024.0
=006  m\\\\\\\\d\|\\\\\\
=007  cr||||||||||||
=008  171003c20179999enk\x\p\o\\\\\0\\\e0chi\\
=FMT  \\$a  SE
=015  \\$aGBC200167$2bnb
=022  0\$a2515-6977$202
=040  \\$aUk$beng$cUk$dUk$erda
=042  \\$aissnuk$aukblsr
=082  04$a610.5$223
=222  \0$6880-01$aGuo ji lin chuang yan jiu za zhi$b(London)
=245  00$6880-02$aGuo ji lin chuang yan jiu za zhi =$bInternational journal of clinical research.
=246  31$aInternational journal of clinical research
=246  30$aIJCR
=264  \1$6880-03,$aLundun = London :$bKai fang huo qu qi kan yan jiu zhong xin = Open Access Journal Research Center$c2017-
=336  \\$atext$2rdacontent
=337  \\$acomputer$2rdamedia
=338  \\$aonline resource$2rdacarrier
=362  0\$a1:1 (2017)-
=500  \\$aPublished by Open Access Journal Research Center, London.
=500  \\$aTitle from PDF thumbnail (publisher's website, viewed January 5, 2022).
=515  \\$aArticles added, as accepted, to current issue.
=588  \\$aLatest issue consulted: 5:4 (2021) (viewed January 5, 2022).
=650  \0$aMedicine$vPeriodicals.
=650  \0$aMedical care$vPeriodicals.
=856  40$uhttp://ijcr.oajrc.org/
=859  \\$aELD$bejournal
=880  \0$6222-01$a国际临床研究杂志
=880  00$6245-02$a国际临床研究杂志 =$bInternational journal of clinical research.
=880  \1$6264-03$a[伦敦] :$a开放获取期刊研究中心
=985  \\$aISSN description based on: Title from journal homepage; viewed October 13 2017.
=985  \\$aWFH record (CS) 2022
=CAT  \\$a11313$b40$c20171003$lBLL01$h1303
=CAT  \\$a11313$b40$c20171013$lBLL01$h1305
=CAT  \\$a11313$b40$c20171013$lBLL01$h1306
=CAT  \\$a11313$b40$c20171013$lBLL01$h1314
=CAT  \\$a13876$b40$c20171013$lBLL01$h1708
=CAT  \\$a13876$b40$c20171013$lBLL01$h1712
=CAT  \\$a13876$b40$c20171013$lBLL01$h1726
=CAT  \\$a11313$b40$c20171016$lBLL01$h1426
=CAT  \\$a11313$b40$c20171023$lBLL01$h0902
=CAT  \\$a8124$b40$c20220105$lBLL01$h1130
=FIN  \\$aY$d20171013
=LET  \0$aInternational journal of clinical research (Electronic)
=MNI  \\$a2515-6977
=LAS  \\$a8124$b40$c20220105$lBLL01$h1130

