=LDR  02110 as a2200517 i 4500
=001  018546043
=003  Uk
=005  20201124100156.0
=006  m\\\\\\\\d\|\\\\\\
=007  cr||||||||||||
=008  171005c20179999enkqr\p\o\\\\\0\\\a0eng\\
=FMT  \\$a  SE
=015  \\$aGBC0I2954$2bnb
=022  0\$a2515-799X$202
=040  \\$aUk$beng$cUk$erda
=042  \\$aissnuk$aukblsr
=082  04$a362.1$223
=222  \0$aInternational hospitals & healthcare review$b(Online)
=245  00$aInternational hospitals & healthcare review.
=246  3\$aInternational hospitals and healthcare review
=246  30$aIHHR
=264  \1$aBristol, UK :$bVoyageur Publishing & Events
=300  \\$billustrations (black and white, and colour)
=310  \\$aQuarterly
=336  \\$atext$2rdacontent
=337  \\$acomputer$2rdamedia
=338  \\$aonline resource$2rdacarrier
=362  0\$aIssue 1 (November 2017)-
=500  \\$aTitle from PDF cover (publisher's Web site, viewed November 24, 2020).
=588  \\$aLatest issue consulted: November 2020 (viewed November 24, 2020).
=650  \0$aMedical tourism$vPeriodicals.
=650  \0$aMedical care$vPeriodicals.
=776  08$iAlso issued in print as:$tInternational hospitals & healthcare review$x2515-7981
=780  00$tInternational hospitals & medical travel$x2514-670X
=787  0\$tInternational travel & health insurance journal$x2055-1223
=856  4\$uhttps://www.itij.com/magazine
=859  \\$aELD$bejournal
=CAT  \\$a10973$b40$c20171005$lBLL01$h1052
=CAT  \\$a11205$b40$c20180105$lBLL01$h1141
=CAT  \\$a8483$b40$c20201124$lBLL01$h0959
=CAT  \\$a8483$b40$c20201124$lBLL01$h1001
=FIN  \\$aY$d20180105
=LET  \0$aInternational hospitals & healthcare review (Electronic)
=LKR  \\$aPAR$b018546042$lBLL01$r776$mInternational hospitals & healthcare review (Online)$nInternational hospitals & healthcare review (Print)
=LKR  \\$aPAR$b016634708$lBLL01$r787$mInternational hospitals & healthcare review (Online)$nInternational travel & health insurance journal (Online)
=LAS  \\$a8483$b40$c20201124$lBLL01$h1001

