=LDR  01686aas a2200481 i 4500
=001  019747737
=003  Uk
=005  20210128114237.0
=006  m\\\\\\\\d\|\\\\\\
=007  cr||||||||||||
=008  200312c20209999enkar\p\o\\\\\0\\\a0eng\\
=FMT  \\$a  SE
=015  \\$aGBC103122$2bnb
=022  0\$a2634-0909$202
=040  \\$aUk$beng$cUk$erda
=042  \\$aissnuk$aukblsr
=082  04$a320.01$223
=222  \0$aInterfere
=245  00$aInterfere :$bjournal for critical thought and radical politics.
=264  \1$aBrighton :$bCentre for Applied Philosophy, Politics and Ethics,$c2020-
=310  \\$aAnnual
=336  \\$atext$2rdacontent
=337  \\$acomputer$2rdamedia
=338  \\$aonline resource$2rdacarrier
=362  0\$aVolume 1 (November 2020)-
=500  \\$aTitle from PDF cover (publisher's website, viewed January 21, 2021).
=650  \0$aPolitics$vPeriodicals.
=650  \0$aPolitics$xPhilosophy$vPeriodicals.
=710  2\$aUniversity of Brighton.$bCentre for Applied Philosophy, Politics and Ethics,$eissuing body.
=856  40$uhttps://interferejournal.org/
=859  \\$aELD$bejournal
=985  \\$aISSN Description based on: volume 1 (2020); title from cover (viewed December 7, 2020).
=985  \\$aWFH record (CS) January 2021
=CAT  \\$a10806$b40$c20200312$lBLL01$h1128
=CAT  \\$a10806$b40$c20200312$lBLL01$h1131
=CAT  \\$a10806$b40$c20201207$lBLL01$h1540
=CAT  \\$a8124$b40$c20210121$lBLL01$h0952
=CAT  \\$a8871$b40$c20210122$lBLL01$h2007
=CAT  \\$a8124$b40$c20210128$lBLL01$h1142
=FIN  \\$aY$d20201207
=LET  \0$aInterfere (Electronic)
=MNI  \\$a2634-0909
=LAS  \\$a8124$b40$c20210128$lBLL01$h1142

