=LDR  01946 as a2200457 i 4500
=001  019817921
=003  Uk
=005  20200623142349.0
=006  m\\\\\|\\d\|\\\\\\
=007  cr\|||||||||||
=008  200623c20199999wlkuu\\\o\s\\o0\\\a0eng\\
=FMT  \\$a  SE
=015  \\$aGBC074196$2bnb
=040  \\$aUk$beng$cUk$erda
=042  \\$aukblsr
=082  04$a362.760942021$223
=245  00$aChild physical abuse in England and Wales :$byear ending ...
=264  \1$aNewport :$bOffice for National Statistics,$c2020-
=300  \\$billustrations (colour)
=336  \\$atext$2rdacontent
=337  \\$acomputer$2rdamedia
=338  \\$aonline resource$2rdacarrier
=362  0\$aMarch 2019-
=500  \\$a"Child physical abuse in England and Wales, bringing together a range of different data sources from across government and the voluntary sector".
=500  \\$aAt head of title: Article.
=500  \\$aTitle from PDF contents page (ons.gov.uk viewed June 23, 2020).
=650  \0$aChild abuse$zEngland$vPeriodicals.
=650  \0$aChild abuse$zWales$vPeriodicals.
=650  \0$aChilld abuse$zEngland$vStatistics$vPeriodicals.
=650  \0$aChild abuse$zWales$vStatistics$vPeriodicals.
=710  1\$aGreat Britain.$bOffice for National Statistics,$eissuing body.
=787  0\$tChild abuse in England and Wales
=856  40$uhttps://www.ons.gov.uk/peoplepopulationandcommunity/crimeandjustice/articles/childphysicalabuseinenglandandwales/previousReleases
=859  \\$aELD$bejournal
=985  \\$aSome of content reproduced in Child abuse in England and Wales statistical bulletin
=985  \\$aCatalogued via VPN, June 2020
=CAT  \\$a8124$b40$c20200623$lBLL01$h1423
=FIN  \\$aY$d20200623
=LET  \0$aChild physical abuse in England and Wales (Electronic)
=LKR  \\$aPAR$b019817902$lBLL01$r787$mChild physical abuse in England and Wales$nChild abuse in England and Wales
=LAS  \\$a8124$b40$c20200623$lBLL01$h1423

