=LDR  02177 as a2200457 i 4500
=001  019833188
=003  Uk
=005  20200706145516.0
=006  m\\\\\|\\d\|\\\\\\
=007  cr\|||||||||||
=008  200706c20189999wlkgr\\\o\s\\o0\\\a0eng\\
=FMT  \\$a  SE
=015  \\$aGBC080216$2bnb
=040  \\$aUk$beng$cUk$erda
=042  \\$aukblsr
=082  04$a304.64541021$223
=245  00$aPast and projected period and cohort life tables :$b...-based UK, 1981-...
=264  \1$a[Newport] :$bOffice for National Statistics,$c2019-
=300  \\$billustrations (colour).
=310  \\$aBiennial
=336  \\$atext$2rdacontent
=337  \\$acomputer$2rdamedia
=338  \\$aonline resource$2rdacarrier
=362  0\$a2018-based, UK: 1981 to 2068 -
=490  1\$aStatistical bulletin
=500  \\$a"Life expectancy (e), probability of dying (q) and numbers surviving (l) from the period and cohort life tables, past and projected, for the UK and constituent countries".
=500  \\$aTitle from PDF caption (ons.gov.uk, viewed May 6, 2020).
=515  \\$aNumbering indicates National Population Projections base year, plus a date range giving historic statistics from 1981 and projections 50 years into the future.
=650  \0$aLife expectancy$zGreat Britain$vStatistics$vPeriodicals.
=690  7\$aSocial Welfare$2blcoll
=710  1\$aGreat Britain.$bOffice for National Statistics,$eissuing body.
=780  00$tPast and projected data from the period and cohort life tables
=830  \0$aStatistical bulletin (Great Britain. Office for National Statistics)
=856  40$uhttps://www.ons.gov.uk/peoplepopulationandcommunity/birthsdeathsandmarriages/lifeexpectancies/bulletins/pastandprojecteddatafromtheperiodandcohortlifetables/previousReleases
=859  \\$aELD$bejournal
=985  \\$aCatalogued via VPN.
=CAT  \\$a3072$b40$c20200706$lBLL01$h1455
=FIN  \\$aY$d20200706
=LET  \0$aPast and projected period and cohort life tables, UK (Electronic)
=LKR  \\$aPAR$b019253277$lBLL01$nPast and projected data from the period and cohort life tables$mPast and projected period and cohort life tables$r78000
=LAS  \\$a3072$b40$c20200706$lBLL01$h1455

