=LDR  01515 as a2200445 i 4500
=001  019860232
=003  Uk
=005  20200729114241.0
=006  m\\\\\|\\d\|\\\\\\
=007  cr\|||||||||||
=008  200729c20139999ii\qr\p\o\\\\\0\\\a0eng\\
=FMT  \\$a  SE
=015  \\$aGBC095059$2bnb
=022  0\$a2348-0335
=040  \\$aUk$beng$cUk$erda
=042  \\$aukblsr
=082  04$a615.105$223
=210  0\$aJ. appl. pharm. res.
=222  \0$aJournal of applied pharmaceutical research
=245  00$aJournal of applied pharmaceutical research.
=246  13$aJOAPR
=264  \1$aRaipur :$b[Creative Pharma Assent],$c2013-
=300  \\$billustrations (black and white, and colour)
=310  \\$aQuarterly
=336  \\$atext$2rdacontent
=337  \\$acomputer$2rdamedia
=338  \\$aonline resource$2rdacarrier
=362  0\$aVol. 1, no. 1 (2013)-
=500  \\$aTitle from journal contents page (Publisher's website, viewed July 29, 2020).
=588  \\$aLatest issue consulted: volume 8, number 2 (2020) (viewed July 29, 2020).
=650  \0$aPharmacology$vPeriodicals.
=650  \0$aPharmaceutical chemistry$vPeriodicals.
=856  40$uhttps://www.japtronline.com/index.php/joapr/issue/archive#
=859  \\$aELD$bejournal
=985  \\$aCatalogued via VPN, July 2020
=CAT  \\$a8124$b40$c20200729$lBLL01$h1132
=CAT  \\$a8124$b40$c20200729$lBLL01$h1142
=FIN  \\$aY$d20200729
=LET  \0$aJournal of applied pharmaceutical research (Electronic)
=LAS  \\$a8124$b40$c20200729$lBLL01$h1142

