=LDR  01753 as a2200481 i 4500
=001  019900126
=003  Uk
=005  20200916083343.0
=006  m\\\\\|\\d\|\\\\\\
=007  cr\|||||||||||
=008  200825c20059999enkar\p\o\\\\\0\\\a0eng\\
=FMT  \\$a  SE
=040  \\$aUk$beng$cUk$dUk$erda
=042  \\$aukblsr
=082  04$a331.2529138840942105$223
=110  2\$aTfL Pension Fund,$eauthor.
=245  10$aPension news /$cTransport for London.
=246  30$aPensionews
=246  13$aTfL Pension Fund pension news
=264  \1$aLondon :$bTransport for London,$c2005-
=300  \\$billustrations (colour)
=310  \\$aAnnual
=336  \\$atext$2rdacontent
=337  \\$acomputer$2rdamedia
=338  \\$aonline resource$2rdacarrier
=362  0\$aIssue 1 (March 2005)-
=530  \\$aAlso issued in large type and text-only format.
=500  \\$aTitle from PDF caption (publisher's website, viewed August 25, 2020).
=588  \\$aLatest issue consulted: issue 16 (March 2020) (viewed August 25, 2020).
=610  20$aTfL Pension Fund$vPeriodicals.
=650  \0$aTransport workers$xPensions$zEngland$zLondon$vPeriodicals.
=650  \0$aPension trusts$zGreat Britain$vPeriodicals.
=710  2\$aTransport for London (Organization),$eissuing body.
=856  40$uhttps://tfl.gov.uk/pensions/news-and-publications/publications?intcmp=23812
=859  \\$aELD$bejournal
=985  \\$aCatalogued via VPN, August 2020
=CAT  \\$a8124$b40$c20200825$lBLL01$h1758
=CAT  \\$a8124$b40$c20200825$lBLL01$h1804
=CAT  \\$a8124$b40$c20200910$lBLL01$h0820
=CAT  \\$a8124$b40$c20200916$lBLL01$h0833
=FIN  \\$aY$d20200825
=LET  \0$aPension news - Transport for London (Electronic)
=LAS  \\$a8124$b40$c20200916$lBLL01$h0833

