=LDR  01464 as a2200397 i 4500
=001  020288444
=003  Uk
=005  20210809180241.0
=006  m\\\\\|\\d\|\\\\\\
=007  cr\|||||||||||
=008  210809d20uu2015nikar\\\o\\\\o0\\\a0eng\\
=FMT  \\$a  SE
=015  \\$aGBC1C9962$2bnb
=040  \\$aUk$beng$cUk$erda
=042  \\$aukblsr
=082  04$a340.309416$223
=110  1\$aNorthern Ireland.$bLaw Commission,$eauthor.
=245  10$aAnnual business plan /$cNorthern Ireland Law Commission.
=264  \1$a[Belfast] :$bLaw Commission Northern Ireland
=310  \\$aAnnual
=336  \\$atext$2rdacontent
=337  \\$acomputer$2rdamedia
=338  \\$aonline resource$2rdacarrier
=362  0\$a-2014/2015.
=588  \\$aDescription based on: 2013-2014 issue; title from PDF cover (publisher's Web site, viewed August 9, 2021).
=588  \\$aLatest issue consulted: 2014-2015 (viewed August 9, 2021).
=500  \\$a"The Commission is currently non-operational" publisher's Web site, viewed August 9, 2021.
=650  \0$aLaw reform$zNorthern Ireland$vPeriodicals.
=610  10$aNorthern Ireland.$bLaw Commission$xPlanning$vPeriodicals.
=856  40$uhttps://www.nisra.gov.uk
=859  \\$aELD$bejournal
=CAT  \\$a3072$b40$c20210809$lBLL01$h1151
=CAT  \\$a3072$b40$c20210809$lBLL01$h1802
=FIN  \\$aY$d20210809
=LET  \0$aAnnual business plan - Northern Ireland Law Commission (Electronic)
=LAS  \\$a3072$b40$c20210809$lBLL01$h1802

