=LDR  01876 as a2200421 i 4500
=001  020288611
=003  Uk
=005  20210809152032.0
=006  m\\\\\|\\d\|\\\\\\
=007  cr\|||||||||||
=008  210809c20uu9999nikar\\\o\\\\o0\\\a0eng\\
=FMT  \\$a  SE
=015  \\$aGBC1C9980$2bnb
=040  \\$aUk$beng$cUk$erda
=042  \\$aukblsr
=082  04$a353.53$223
=110  1\$aNorthern Ireland.$bDepartment of Justice,$eauthor.
=245  10$aPublic authority statutory equality and good relations duties annual progress report /$cDepartment of Justice Northern Ireland.
=246  1\$iAt head of Web page:$aDOJ Equality and Disability annual progress reports
=246  13$aDOJ equality annual progress report
=264  \1$aBelfast :$bDepartment of Justice Northern Ireland
=310  \\$aAnnual
=336  \\$atext$2rdacontent
=337  \\$acomputer$2rdamedia
=338  \\$aonline resource$2rdacarrier
=588  \\$aDescription based on: 2015/16 issue; title from PDF caption (publisher's Web site, viewed August 9, 2021).
=588  \\$aLatest issue consulted: 2017/18 (viewed August 9, 2021).
=650  \0$aEquality$xGovernment policy$zNorthern Ireland$vPeriodicals.
=650  \0$aJustice, Administration of$zNorthern Ireland$vPeriodicals.
=650  \0$aDiscrimination in criminal justice administration$zNorthern Ireland$vPeriodicals.
=856  40$uhttp://www.justice-ni.gov.uk/publications/doj-equality-and-disability-annual-progress-reports
=859  \\$aELD$bejournal
=985  \\$aDDC 353.4 v. 353.53 v. 364 (353 seems best & instruction to put in no. coming last in 353 area).
=CAT  \\$a3072$b40$c20210809$lBLL01$h1517
=CAT  \\$a3072$b40$c20210809$lBLL01$h1520
=FIN  \\$aY$d20210809
=LET  \0$aPublic authority statutory equality and good relations duties annual progress report (Electronic)
=LAS  \\$a3072$b40$c20210809$lBLL01$h1520

