=LDR  01656 as a2200445 i 4500
=001  020288668
=003  Uk
=005  20210811122130.0
=006  m\\\\\|\\d\|\\\\\\
=007  cr\|||||||||||
=008  210809c201u9999enkar\\\o\\\\o0\\\a0eng\\
=FMT  \\$a  SE
=015  \\$aGBC1D3950$2bnb
=040  \\$aUk$beng$cUk$erda
=042  \\$aukblsr
=082  04$a353.8828409416$223
=110  2\$aNorthern Ireland Council for the Curriculum, Examinations and Assessment.
=245  10$aAnnual statement of compliance report.
=246  1\$iAt head of Web page:$aAnnual statement of compliance reports
=264  \1$aBelfast :$bCouncil for the Curriculum, Examinations and Assessment
=300  \\$billustrations (colour)
=310  \\$aAnnual
=336  \\$atext$2rdacontent
=337  \\$acomputer$2rdamedia
=338  \\$aonline resource$2rdacarrier
=362  0\$a2016-
=500  \\$a"cea Regulation" on cover.
=500  \\$aTitle from PDF cover (publisher's Web site, viewed August 9, 2021).
=588  \\$aLatest issue consulted: 2019 (viewed August 9, 2021).
=650  \0$aAccreditation (Education)$zNorthern Ireland$vPeriodicals.
=856  40$uhttps://ccea.org.uk/regulation/information-awarding-organisations/compliance-regulatory-requirement/annual
=859  \\$aELD$bejournal
=985  \\$a"cea Regulation" seems to be logo/ mission statement
=CAT  \\$a3072$b40$c20210809$lBLL01$h1758
=CAT  \\$a3072$b40$c20210810$lBLL01$h1638
=CAT  \\$a3072$b40$c20210811$lBLL01$h0949
=CAT  \\$a3072$b40$c20210811$lBLL01$h1001
=CAT  \\$a3072$b40$c20210811$lBLL01$h1221
=FIN  \\$aY$d20210809
=LAS  \\$a3072$b40$c20210811$lBLL01$h1221

