=LDR  02142 as a2200565 i 4500
=001  020320163
=003  Uk
=005  20210907100942.0
=006  m\\\\\o\\d\\\\\\\\
=007  cr\|||||||||||
=008  180409c20189999miutr\p\o\\\\\0\\\a0eng\\
=FMT  \\$a  SE
=022  0\$a2577-6789$21
=035  \\$a(OCoLC)1030894617$z(OCoLC)1166255074$z(OCoLC)1193481000
=040  \\$aDLC$beng$cDLC$dVT2$dOCLCF$dCUS$dAU@$dCUS$dOCL$dBWN$dOCLCQ$dUK$erda
=042  \\$aukblsr
=050  14$aQ181.1
=082  10$a507$223
=210  0\$aJ. res. sci. math. technol. educ.
=222  \0$aJournal of research in science, mathematics and technology education
=245  00$aJournal of research in science, mathematics and technology education.
=246  3\$aJRSMTE
=264  \1$aAlma, MI :$b[Fez&Oz]$c2018-
=264  31$aHarrisonburg, VA :$bEastern Mennonite University
=310  \\$aThree issues yearly
=336  \\$atext$2rdacontent
=337  \\$acomputer$2rdamedia
=338  \\$aonline resource$2rdacarrier
=362  1\$aBegan with: Volume 1, issue 1 (January 2018).
=588  \\$aDescription based on Volume 1, issue 1 (January 2018) ; title from caption (estej.com, viewed on March 30, 2018).
=588  \\$aLatest issue consulted: volume 4, number 3 (2021) (jrsmte.com website, viewed September 7, 2021).
=650  \0$aScience$vPeriodicals.
=650  \0$aMathematics$vPeriodicals.
=650  \0$aTechnology$vPeriodicals.
=650  \0$aResearch$vPeriodicals.
=650  \7$aResearch.$2fast$0(OCoLC)fst01095153
=653  \\$aSciences - General
=655  \7$aPeriodicals.$2fast$0(OCoLC)fst01411641
=655  \0$aElectronic journals.
=710  2\$aEastern Mennonite University.
=856  40$uhttp://bibpurl.oclc.org/web/92997
=856  40$uhttp://estej.com/
=856  40$uhttps://jrsmte.com/index.php/jrmste
=859  \\$aELD$bejournal
=CAT  \\$a8483$b40$c20210907$lBLL01$h1009
=CAT  \\$aBATCH-UPD$b40$c20210907$lBLL01$h1010
=FIN  \\$aY$d20210907
=LET  \0$aJournal of research in science, mathematics and technology education (Electronic)
=SID  \\$aZ39$bOCLC
=LAS  \\$aBATCH-UPD$b40$c20210907$lBLL01$h1010

