=LDR  01271 as a2200361 i 4500
=001  020320315
=003  Uk
=005  20210914162646.0
=007  cr\|||||||||||
=008  210907c199u9999sz\ar\p\\\\\\\0\\\a0eng\\
=FMT  \\$a  SE
=040  \\$aUk$beng$cUk$erda
=042  \\$aukblsr
=082  04$a332.1$223
=110  2\$aEFG International (Banking group),$eauthor.
=245  10$aAnnual report /$cEFG.
=264  \1$aZurich, Switzerland :$bEFG International AG
=300  \\$billustrations (black and white)
=310  \\$aAnnual
=336  \\$atext$2rdacontent
=337  \\$acomputer$2rdamedia
=338  \\$aonline resource$2rdacarrier
=588  \\$aDescription based on: 2016 (EFG International website, viewed September 7, 2021).
=588  \\$aLatest issue consulted: 2020 (viewed September 7, 2021).
=610  20$aEFG International (Banking group)$vPeriodicals.
=610  20$aEFG International (Banking group)$xFinance$vPeriodicals.
=856  40$uhttps://www.efginternational.com/Investors/Financial-reports.html
=859  \\$aELD$bejournal
=CAT  \\$a8483$b40$c20210907$lBLL01$h1424
=CAT  \\$a8871$b40$c20210914$lBLL01$h1626
=FIN  \\$aY$d20210907
=LET  \0$aAnnual report - EFG International (Electronic)
=LAS  \\$a8871$b40$c20210914$lBLL01$h1626

