=LDR  01934cas a2200493 i 4500
=001  020347182
=003  Uk
=005  20211125125611.0
=006  m\\\\\\\\d\|\\\\\\
=007  cr||||||||||||
=008  211004c20219999enkqr\p\o\\\\\0\\\e0chi\\
=FMT  \\$a  SE
=015  \\$aGBC1J5641$2bnb
=022  0\$a2754-4117$202
=040  \\$aUk$beng$cUk$dUk$erda
=041  0\$achi$beng
=042  \\$aissnuk$aukblsr
=082  04$a618.92.005$223
=222  \0$aGuo ji er ke yan jiu za zhi
=245  00$6880-01$aGuo ji er ke yan jiu za zhi =$bInternational journal of pediatrics research.
=246  31$aInternational journal of pediatrics research
=264  \1$6880-02$aLundun = London :$bKai fang huo qu qi kan yan jiu zhong xin = Open Access Journal Research Center,$c2021-
=310  \\$aQuarterly
=336  \\$atext$2rdacontent
=337  \\$acomputer$2rdamedia
=338  \\$aonline resource$2rdacarrier
=362  0\$a1:1 (2021)- = 2021 nian di 1 juan di 1 qi-
=500  \\$aTitle from journal homepage (publisher's website, viewed October 6, 2021).
=546  \\$aText in Chinese with abstracts in English.
=650  \0$aPediatrics$vPeriodicals.
=856  40$uhttps://ijped.oajrc.org/
=859  \\$aELD$bejournal
=880  00$6245-01$a国际儿科研究杂志 =$bInternational journal of pediatrics research.
=880  \1$6264-02$a伦敦 = London :$b开放获取期刊研究中心 = Open Access Journal Research Center
=CAT  \\$a10806$b40$c20211004$lBLL01$h0803
=CAT  \\$a13876$b40$c20211006$lBLL01$h1245
=CAT  \\$a13876$b40$c20211006$lBLL01$h1253
=CAT  \\$a10806$b40$c20211011$lBLL01$h0825
=CAT  \\$a3072$b40$c20211125$lBLL01$h1235
=CAT  \\$a3072$b40$c20211125$lBLL01$h1236
=CAT  \\$a3072$b40$c20211125$lBLL01$h1256
=FIN  \\$aY$d20211011
=LET  \0$aGuo ji er ke yan jiu za zhi = International journal of pediatrics research (Electronic)
=LAS  \\$a3072$b40$c20211125$lBLL01$h1256

