=LDR  02071 as a2200445 i 4500
=001  020365216
=003  Uk
=005  20211020120722.0
=007  cr\|||||||||||
=008  211020d200u2018nikar\p\\\\\\\0\\\a0eng\\
=FMT  \\$a  SE
=040  \\$aUk$beng$cUk$erda
=042  \\$aukblsr
=082  04$a378.4167$223
=110  2\$aQueen's University of Belfast.
=245  10$aConsolidated financial statements ... /$cQueen's University Belfast.
=246  1\$iPDF running title:$aQueen's University Belfast consolidated financial statements
=264  \1$aBelfast :$bQueen's University Belfast
=300  \\$billustrations (colour)
=310  \\$aAnnual
=336  \\$atext$2rdacontent
=337  \\$acomputer$2rdamedia
=338  \\$aonline resource$2rdacarrier
=362  0\$a-2017/2018.
=580  \\$aOriginal print version preceded by earlier title: Financial statements.
=580  \\$aMerged with: Vice-chancellor's annual report, to become: Integrated annual report.
=588  \\$aDescription based on: 2012/2013 issue; title from PDF cover (QUB website, viewed October 20, 2021).
=588  \\$aLatest issue consulted: 2017/2018, viewed October 20, 2021.
=610  20$aQueen's University of Belfast$xFinance$vPeriodicals.
=776  08$iAlso issued in print as:$aQueen's University of Belfast.$tConsolidated financial statements
=785  17$aQueen's University of Belfast.$tVice-chanellor's annual report
=785  17$aQueen's University of Belfast.$tIntegrated annual report
=856  40$uhttps://www.qub.ac.uk/directorates/FinanceDirectorate/visitors/financial-statements/
=859  \\$aELD$bejournal
=CAT  \\$a8483$b40$c20211020$lBLL01$h1149
=CAT  \\$a8483$b40$c20211020$lBLL01$h1207
=FIN  \\$aY$d20211020
=LET  \0$aConsolidated financial statements (Queen's University of Belfast : Electronic)
=LKR  \\$aPAR$b015444123$lBLL01$r776$mConsolidated financial statements ... / Queen's University of Belfast (Online)$nConsolidated financial statements ... / Queen's University of Belfast (Print)
=LAS  \\$a8483$b40$c20211020$lBLL01$h1207

