=LDR  01688cas a2200469 i 4500
=001  020404727
=003  Uk
=005  20220113125650.0
=006  m\\\\\\\\d\|\\\\\\
=007  cr||||||||||||
=008  211125c20219999enkqr\p\o\\\\\0\\\a0eng\\
=FMT  \\$a  SE
=022  0\$a2755-0257$202
=040  \\$aUk$beng$cUk$erda
=042  \\$aissnuk$aukblsr
=082  04$a616.994005$223
=210  0\$aJ. recent trends cancer res.
=222  \0$aJournal of recent trends in cancer research
=245  00$aJournal of recent trends in cancer research.
=246  13$aJRTCR
=264  \1$aRotherham, South Yorkshire :$bUK Zhende Publishing Limited Company,$c2021-
=300  \\$billustrations (colour)
=310  \\$aQuarterly
=336  \\$atext$2rdacontent
=337  \\$acomputer$2rdamedia
=338  \\$aonline resource$2rdacarrier
=362  0\$aVolume 1, issue 1 (2021)-
=515  \\$aArticles added, as accepted, to current issue.
=500  \\$aTitle from PDF header (ublisher's website, viewed January 11, 2022).
=588  \\$aISSN description based on: volume 1, issue 1 (2021) ; title from PDF caption (Publisher's website, viewed November 25, 2021).
=588  \\$aLatest issue consulted: volume 2, issue 2 (2022) (viewed January 11, 2022).
=650  \0$aCancer$vPeriodicals.
=856  40$uhttps://jrtcr.com/
=859  \\$aELD$bejournal
=985  \\$aWFH record (CS) 2022
=CAT  \\$a10973$b40$c20211125$lBLL01$h1355
=CAT  \\$a8124$b40$c20220111$lBLL01$h1231
=CAT  \\$a8124$b40$c20220113$lBLL01$h1256
=FIN  \\$aY$d20211125
=LET  \0$aJournal of recent trends in cancer research (Electronic)
=MNI  \\$a2755-0257
=LAS  \\$a8124$b40$c20220113$lBLL01$h1256

