=LDR  01462aas a2200421 i 4500
=001  020415863
=003  Uk
=005  20220127092123.0
=006  m\\\\\\\\d\|\\\\\\
=007  cr\|||||||||||
=008  211206c20209999enk\x\p\o\\\\\0\\\a0eng\\
=FMT  \\$a  SE
=015  \\$aGBC213141$2bnb
=022  0\$a2754-5245$202
=040  \\$aUk$beng$cUk$erda
=042  \\$aissnuk$aukblsr
=082  04$a610.7305$223
=222  \0$aJournal of nursing and midwifery
=245  00$aJournal of nursing and midwifery.
=264  \1$aSwindon :$bResearch Valley,$c2020-
=300  \\$billustrations (colour)
=336  \\$atext$2rdacontent
=337  \\$acomputer$2rdamedia
=338  \\$aonline resource$2rdacarrier
=362  0\$aVolume 1, issue 1 (2020)-
=500  \\$aTitle from PDF article header (publisher's website, viewed January 27, 2022).
=515  \\$aArticles added, as accepted, to current issue.
=650  \0$aNursing$vPeriodicals.
=650  \0$aMidwifery$vPeriodicals.
=856  40$uhttps://www.jresearchvalley.com/journal-of-nursing-and-midwifery-home-jnmd.php
=859  \\$aELD$bejournal
=985  \\$aDescription based on: volume 1, issue 1 (2020); title from first article PDF (viewed December 6, 2021).
=CAT  \\$a10806$b40$c20211206$lBLL01$h0755
=CAT  \\$a8124$b40$c20220127$lBLL01$h0921
=FIN  \\$aY$d20211206
=LET  \0$aJournal of nursing and midwifery (Electronic)
=MNI  \\$a2754-5245
=LAS  \\$a8124$b40$c20220127$lBLL01$h0921

