=LDR  02568nas a2200541 i 4500
=001  020427323
=003  Uk
=005  20211216090415.0
=006  m\\\\\|\\d\|\\\\\\
=007  cr\|||||||||||
=008  211216d20132017enkar\\\os\\\o0\\\a0eng\\
=FMT  \\$a  SE
=015  \\$aGBC1L0611$2bnb
=040  \\$aUk$beng$cUk$dUk$erda
=042  \\$aukblsr
=082  04$a362.11094256021$223
=245  00$aSurvey of adult inpatients.$pLuton and Dunstable University Hospital NHS Foundation Trust /$cCare Quality Commission.
=264  \1$a[London?] :$bCare Quality Commission,$c2013-2017.
=300  \\$billustrations (colour).
=310  \\$aAnnual
=336  \\$atext$2rdacontent
=337  \\$acomputer$2rdamedia
=338  \\$aonline resource$2rdacarrier
=362  0\$a2013-2017.
=490  0\$aPatient survey report
=500  \\$aTitle from PDF cover (nhssurveys.org, viewed December 16, 2021).
=550  \\$aPrepared for the NHS Patient Survey Programme.
=588  \\$aLatest issue consulted: 2017 (viewed December 16, 2021).
=610  20$aLuton and Dunstable University Hospital NHS Foundation Trust$xEvaluation$vPeriodicals.
=650  \0$aPatient satisfaction$zEngland$zLuton$vStatistics$vPeriodicals.
=650  \0$aPatient satisfaction$zEngland$zDunstable$vStatistics$vPeriodicals.
=650  \0$aMedical care surveys$zEngland$zLuton$vPeriodicals.
=650  \0$aMedical care surveys$zEngland$zDunstable$vPeriodicals.
=650  \0$aHospital care$zEngland$zLuton$xEvaluation$vStatistics$vPeriodicals.
=650  \0$aHospital care$zEngland$zDunstable$xEvaluation$vStatistics`$vPeriodicals.
=690  7\$aSocial Welfare$2blcoll
=710  1\$aGreat Britain.$bCare Quality Commission,$eissuing body.
=710  2\$aNHS Patient Survey Programme.
=780  00$tSurvey of adult inpatients in the NHS. Luton and Dunstable Hospital NHS Foundation Trust
=785  00$tAdult inpatient survey. Luton and Dunstable University Hospital NHS Foundation Trust
=856  4\$uhttps://nhssurveys.org/surveys/survey/02-adults-inpatients/
=859  \\$aELD$bejournal
=CAT  \\$a8124$b40$c20211216$lBLL01$h0902
=CAT  \\$a8124$b40$c20211216$lBLL01$h0904
=FIN  \\$aY$d20211216
=LET  \0$aSurvey of adult inpatients. Luton and Dunstable University Hospital NHS Foundation Trust (Electronic)
=LKR  \\$aPAR$b016108611$lBLL01$r78000$mSurvey of adult inpatients. Luton and Dunstable University Hospital NHS Foundation Trust$nSurvey of adult inpatients in the NHS. Luton and Dunstable Hospital NHS Foundation Trust
=LAS  \\$a8124$b40$c20211216$lBLL01$h0904

