=LDR  02396cas a2200529 i 4500
=001  020449067
=003  Uk
=005  20220215105357.0
=007  cr\|||||||||||
=008  220117d20042014stkar\p\\\\\\\0\\\a0eng\\
=FMT  \\$a  SE
=040  \\$aUk$beng$cUk$erda
=042  \\$aukblsr
=082  04$a362.70941105$223
=110  2\$aScotland's Commissioner for Children and Young People.
=245  10$aAnnual report ... /$cScotland's Commissioner for Children and Young People.
=246  1\$iPDF running title:$aSCCYP's annual report
=264  \1$a[Edinburgh] :$bSCCYP
=300  \\$billustrations (colour)
=310  \\$aAnnual
=336  \\$atext$2rdacontent
=337  \\$acomputer$2rdamedia
=338  \\$aonline resource$2rdacarrier
=362  1\$aPrint began with 2004/2005.
=362  0\$a-2013/2014.
=588  \\$aDescription based on print version record.
=588  \\$aLatest issue consulted: 2013/2014 (Commisioner's website, viewed January 17, 2022).
=500  \\$aSome issues include a children's and young people's version of the annual report.
=610  20$aScotland's Commissioner for Children and Young People$vPeriodicals.
=610  20$aScotland's Commissioner for Children and Young People$xAppropriations and expenditures$vPeriodicals.
=610  20$aScotland's Commissioner for Children and Young People$vStatistics$vPeriodicals.
=650  \0$aChildren$xServices for$zScotland$vPeriodicals.
=650  \0$aChildren$xLegal status, laws, etc.$zScotland$vPeriodicals.
=650  \0$aChildren's rights$zScotland$vPeriodicals.
=650  \0$aYouth$xServices for$zScotland$vPeriodicals.
=650  \0$aYouth$xLegal status, laws, etc.$zScotland$vPeriodicals.
=776  08$iAlso issued in print as:$aScotland's Commissioner for Children and Young People.$tAnnual report
=785  00$aChildren and Young People's Commissioner Scotland.$tAnnual report
=856  40$uhttps://www.cypcs.org.uk/resource_type/annual-report/
=859  \\$aELD$bejournal
=985  \\$aDigital issues have not been ingested as these have already been received by the BL in print (ED).
=CAT  \\$a8483$b40$c20220117$lBLL01$h0956
=CAT  \\$a8483$b40$c20220117$lBLL01$h1012
=CAT  \\$a8483$b40$c20220215$lBLL01$h1053
=FIN  \\$aY$d20220117
=LET  \0$aAnnual report (Scotland's Commissioner for Children and Young People : Electronic)
=LAS  \\$a8483$b40$c20220215$lBLL01$h1053

