=LDR  02354nas a2200457 i 4500
=001  020532320
=003  Uk
=005  20220329135753.0
=006  m\\\\\|\\d\|\\\\\\
=007  cr\|||||||||||
=008  220329c201u9999nik\r\\\o\\\\\0\\\a0eng\\
=FMT  \\$a  SE
=015  \\$aGBC252686$2bnb
=040  \\$aUk$beng$cUk$erda
=042  \\$aukblsr
=082  04$a362.109416205$223
=110  2\$aWestern Health and Social Care Trust (Northern Ireland),$eauthor.
=245  10$aAnnual report and accounts of the trust funds held by the Western Health and Social Care Trust for the year ended 31 March ... /$cWestern Health and Social Care Trust.
=246  1\$iSet Web link title:$aFunds annual accounts
=246  1\$iIndividual Web link title:$aWestern Trust Funds annual accounts
=264  \1$a[Londonderry] :$bWestern Health and Social Care Trust
=300  \\$billustrations (colour)
=310  \\$aAnnual
=336  \\$atext$2rdacontent
=337  \\$acomputer$2rdamedia
=338  \\$aonline resource$2rdacarrier
=588  \\$aDescription based on print version record.
=588  \\$aLatest issue consulted: 2021.
=610  20$aWestern Health and Social Care Trust$vPeriodicals.
=610  20$aWestern Health and Social Care Trust$xFinance$vPeriodicals.
=776  08$iAlso issued in print as:$aWestern Health and Social Care Trust (Northern Ireland).$tAnnual report and accounts of the trust funds held by the Western Health and Social Care Trust for the year ended 31 March
=856  40$uhttps://westerntrust.hscni.net/about-the-trust/corporate-information/financial-information/
=859  \\$aELD$bejournal
=985  \\$aNB This is for the trust funds held by the Trust.
=CAT  \\$a3072$b40$c20220329$lBLL01$h1347
=CAT  \\$a3072$b40$c20220329$lBLL01$h1348
=CAT  \\$a3072$b40$c20220329$lBLL01$h1357
=FIN  \\$aY$d20220329
=LET  \0$aAnnual report and accounts of the trust funds held by the Western Health and Social Care Trust for the year ended 31 March 2021 (Electronic)
=LKR  \\$aPAR$b018188030$lBLL01$nAnnual report and accounts of the trust funds held by the Western Health and Social Care Trust for the year ended 31 March (Print)$mAnnual report and accounts of the trust funds held by the Western Health and Social Care Trust for the year ended 31 March (Online)$r776
=LAS  \\$a3072$b40$c20220329$lBLL01$h1357

