=LDR  01395cas a22003977i 4500
=001  020553989
=003  Uk
=005  20220628115137.0
=006  m\\\\\\\\d\|\\\\\\
=007  cr||||||||||||
=008  220414c20229999enk\x\m\o\\\\\0\\\a0eng\\
=FMT  \\$a  SE
=022  0\$a2754-9844$202
=040  \\$aUk$beng$cUk$erda
=042  \\$aukblsr$aissnuk
=082  04$a595.79$223
=222  \0$aTaxonomic monographs on neotropical hymenoptera
=245  00$aTaxonomic monographs on neotropical hymenoptera.
=264  \1$aRichmond upon Thames, UK :$bNoyes - Hansson,$c2022-
=310  \\$aIrregular
=336  \\$atext$2rdacontent
=337  \\$acomputer$2rdamedia
=338  \\$aonline resource$2rdacarrier
=500  \\$aTitle from PDF title page.
=710  2\$aNatural History Museum (London, England)
=710  2\$aLunds universitet.
=856  40$uhttps://www.nhm.ac.uk/our-science/our-work/biodiversity/taxonomic-monographs-on-neotropical-hymenoptera.html
=859  \\$aELD$bejournal
=985  \\$aISSN ONLY RECORD - MONO IN SERIES. DO NOT ACCESSION STOCK HERE
=CAT  \\$a11313$b40$c20220414$lBLL01$h0823
=CAT  \\$a3072$b40$c20220509$lBLL01$h1359
=CAT  \\$a3072$b40$c20220509$lBLL01$h1401
=CAT  \\$a8483$b40$c20220628$lBLL01$h1151
=FIN  \\$aY$d20220509
=LET  \0$aTaxonomic monographs on neotropical hymenoptera (Electronic)
=LAS  \\$a8483$b40$c20220628$lBLL01$h1151

