=LDR  01460nas a2200409 i 4500
=001  020566998
=003  Uk
=005  20220427124732.0
=006  m\\\\\|\\d\|\\\\\\
=007  cr\|||||||||||
=008  220427d201u2014nikqr\\\o\\\\\0\\\a0eng\\
=FMT  \\$a  SE
=040  \\$aUk$beng$cUk$erda
=042  \\$aukblsr
=082  04$a362.1977509416$223
=245  00$aOphthalmic quarterly reports.
=264  \1$aBelfast :$bBusiness Services Organisation,$c-2014.
=310  \\$aQuarterly
=336  \\$atext$2rdacontent
=337  \\$acomputer$2rdamedia
=338  \\$aonline resource$2rdacarrier
=362  0\$a-Dec 2014.
=500  \\$aAccompanied on website by Excel tables.
=588  \\$aDescription based on: Jun 2014 issue; title from Web link (publisher's Web site, viewed April 27, 2022).
=588  \\$aLatest issue consulted: Dec 2014 (viewed April 27, 2022).
=650  \0$aOphthalmology$zNorthern Ireland$vStatistics$vPeriodicals.
=650  \0$aHealth services administration$zNorthern Ireland$vStatistics$vPeriodicals.
=710  1\$aNorthern Ireland.$bBusiness Services Organisation.
=785  00$tOphthalmic quarterly tables
=856  40$uhttps://hscbusiness.hscni.net/services/2516.htm
=859  \\$aELD$bejournal
=985  \\$anew body.
=CAT  \\$a3072$b40$c20220427$lBLL01$h1219
=CAT  \\$a3072$b40$c20220427$lBLL01$h1233
=CAT  \\$a3072$b40$c20220427$lBLL01$h1247
=FIN  \\$aY$d20220427
=LAS  \\$a3072$b40$c20220427$lBLL01$h1247

