=LDR  01763nas a2200469 i 4500
=001  020567000
=003  Uk
=005  20220427124739.0
=006  m\\\\\|\\d\|\\\\\\
=007  cr\|||||||||||
=008  220427d20152017nikqr\\\o\\\\o0\\\a0eng\\
=FMT  \\$a  SE
=040  \\$aUk$beng$cUk$erda
=042  \\$aukblsr
=082  04$a362.1977509416$223
=245  00$aOphthalmic quarterly tables.
=246  1\$iHTML header title:$aQuarterly tables
=246  1\$iAt head of Web page:$aOphthalmic quarterly reports
=264  \1$aBelfast :$bBusiness Services Organisation,$c2015-2017.
=310  \\$aAnnual
=336  \\$atext$2rdacontent
=337  \\$acomputer$2rdamedia
=338  \\$aonline resource$2rdacarrier
=362  0\$aMarch 2015-June 17.
=500  \\$aAccompanied on website by Excel tables.
=500  \\$aTitle from Web link (viewed April 27, 2022).
=588  \\$aLatest issue consulted: to June 17 (viewed (viewed April 27, 2022).
=650  \0$aOptometry$zNorthern Ireland$vStatistics$vPeriodicals.
=650  \0$aHealth services administration$zNorthern Ireland$vStatistics$vPeriodicals.
=710  1\$aNorthern Ireland.$bBusiness Services Organisation.
=780  00$tOphthalmic quarterly reports
=856  40$uhttps://hscbusiness.hscni.net/services/2516.htm
=859  \\$aELD$bejournal
=985  \\$anew body; http://niopa.qub.ac.uk/handle/NIOPA/8828.
=985  \\$alooks like it has may have ceased/changed title? - 2017 latest.
=CAT  \\$a3072$b40$c20220427$lBLL01$h1221
=CAT  \\$a3072$b40$c20220427$lBLL01$h1222
=CAT  \\$a3072$b40$c20220427$lBLL01$h1233
=CAT  \\$a3072$b40$c20220427$lBLL01$h1247
=FIN  \\$aY$d20220427
=LET  \0$aOphthalmic quarterly tables (Electronic)
=LAS  \\$a3072$b40$c20220427$lBLL01$h1247

