=LDR  01822nas a2200409 i 4500
=001  020571037
=003  Uk
=005  20220503121142.0
=007  cr\|||||||||||
=008  220503c20099999nikar\p\\\\\\\0\\\a0eng\\
=FMT  \\$a  SE
=015  \\$aGBC276006$2bnb
=040  \\$aUk$beng$cUk$erda
=042  \\$aukblsr
=082  04$a364.6206809416$223
=110  2\$aParole Commissioners for Northern Ireland,$eauthor.
=245  10$aAnnual report /$cParole Commissioners for Northern Ireland.
=246  3\$aParole Commissioners Northern Ireland annual report
=264  \1$aBelfast :$bCorporate Document Services
=264  31$aBelfast :$bParole Commissioners for Northern Ireland
=336  \\$atext$2rdacontent
=337  \\$acomputer$2rdamedia
=338  \\$aonline resource$2rdacarrier
=362  1\$aPrint began with 2008/2009.
=580  \\$aOriginal print version preceded by earlier title: Northern Ireland. Life Sentence Review Commisioners. Annual report.
=588  \\$aDescription based on print version record.
=588  \\$aLatest issue consulted: 2020/2021 (Parole Commissioners for Northern Ireland website, viewed May 3, 2022).
=610  20$aParole Commissioners for Northern Ireland$vPeriodicals.
=776  08$iAlso issued in print as:$aParole Commissioners for Northern Ireland.$tAnnual report
=856  40$uhttps://www.parolecomni.org.uk/annual-reports
=859  \\$aELD$bejournal
=CAT  \\$a8483$b40$c20220503$lBLL01$h1211
=CAT  \\$a8483$b40$c20220503$lBLL01$h1211
=FIN  \\$aY$d20220503
=LET  \0$aParole Commissioners for Northern Ireland annual report (Electronic)
=LKR  \\$aPAR$b016012352$lBLL01$r776$mAnnual report / Parole Commissioners for Northern Ireland (Online)$nAnnual report / Parole Commissioners for Northern Ireland (Print)
=LAS  \\$a8483$b40$c20220503$lBLL01$h1211

