=LDR  01435nas a2200361 i 4500
=001  020577072
=003  Uk
=005  20220504094101.0
=006  m\\\\\|\\d\|\\\\\\
=007  cr\|||||||||||
=008  220504c20uu9999nikar\p\o\\\\o0\\\a0eng\\
=FMT  \\$a  SE
=015  \\$aGBC281803$2bnb
=040  \\$aUk$beng$cUk$erda
=042  \\$aukblsr
=082  04$a363.209416$223
=110  2\$aPolice Rehabilitation and Retraining Trust (Northern Ireland),$eauthor.
=245  10$aPolice Rehabilitation & Retraining Trust annual report and accounts.
=246  1\$iWebsite list title:$aPRRT final accounts
=264  \1$a[Holywood] :$b[Police Rehabilitation & Retraining Trust]
=310  \\$aAnnual
=336  \\$atext$2rdacontent
=337  \\$acomputer$2rdamedia
=338  \\$aonline resource$2rdacarrier
=588  \\$aDescription based on: report for the year ended 31 March 2014; title from PDF cover (PRRT Web site, viewed May 4, 2022).
=588  \\$aLatest issue consulted: report for the year ended 31 March 2020 (viewed May 4, 2022).
=610  20$aPolice Rehabilitation and Retraining Trust (Northern Ireland)$vPeriodicals.
=856  40$uhttps://www.prrt.org/corporate-documents/annual-reports/
=859  \\$aELD$bejournal
=CAT  \\$a8483$b40$c20220504$lBLL01$h0941
=FIN  \\$aY$d20220504
=LET  \0$aPolice Rehabilitation & Retraining Trust annual report and accounts (Electronic)
=LAS  \\$a8483$b40$c20220504$lBLL01$h0941

