=LDR  01488nas a2200373 i 4500
=001  020577122
=003  Uk
=005  20220504110140.0
=006  m\\\\\|\\d\|\\\\\\
=007  cr\|||||||||||
=008  220504c199u9999nikar\\\o\\\\\0\\\a0eng\\
=FMT  \\$a  SE
=040  \\$aUk$beng$cUk$erda
=042  \\$aukblsr
=082  04$a371.14409416$223
=110  2\$aGeneral Teaching Council for Northern Ireland,$eauthor.
=245  10$aAnnual report and accounts :$bfor the year ended 31 March ... /$cGeneral Teaching Council for Northern Ireland.
=246  13$aGTCNI annual report and accounts
=264  \1$aBelfast :$bGeneral Teaching Council for Northern Ireland
=310  \\$aAnnual
=336  \\$atext$2rdacontent
=337  \\$acomputer$2rdamedia
=338  \\$aonline resource$2rdacarrier
=588  \\$aDescription based on: 2007/2008 issue ; title from PDF cover (publisher's website, viewed May 3, 2022).
=588  \\$aLatest issue consulted: 2018/2019 (viewed May 3, 2022).
=610  20$aGeneral Teaching Council for Northern Ireland$vPeriodicals.
=610  20$aGeneral Teaching Council for Northern Ireland$xFinance$vPeriodicals.
=856  40$uhttps://gtcni.org.uk/about-us/annual-reports-accounts
=859  \\$aELD$bejournal
=985  \\$aWFH record (CS) 2022
=CAT  \\$a8124$b40$c20220504$lBLL01$h1101
=FIN  \\$aY$d20220504
=LET  \0$aAnnual report and accounts - General Teaching Council for Northern Ireland (Electronic)
=LAS  \\$a8124$b40$c20220504$lBLL01$h1101

