=LDR  02279nas a2200481 i 4500
=001  020577285
=003  Uk
=005  20220504150445.0
=006  m\\\\\|\\d\|\\\\\\
=007  cr\|||||||||||
=008  220504c20139999nikar\\\o\\\\o0\\\a0eng\\
=FMT  \\$a  SE
=015  \\$aGBC281872$2bnb
=040  \\$aUk$beng$cUk$erda
=042  \\$aukblsr
=082  04$a353.609416$223
=110  1\$aNorthern Ireland.$bHealth and Social Care Board,$eauthor.
=245  10$aHealth and Social Care Board annual report & accounts for the year ended 31 March ... /$cHealth and Social Care Board.
=246  3\$aHealth and Social Care Board annual report and accounts for the year ended 31 March
=246  30$aAnnual report & accounts
=264  \1$aBelfast :$bHealth and Social Care Board,$c2013-
=300  \\$billustrations (colour)
=310  \\$aAnnual
=336  \\$atext$2rdacontent
=337  \\$acomputer$2rdamedia
=338  \\$aonline resource$2rdacarrier
=362  0\$a2013-
=500  \\$aTitle from PDf cover (publisher's website, viewed May 4, 2022).
=588  \\$aLatest issue consulted: 2020/2021 (viewed May 4, 2022).
=610  10$aNorthern Ireland.$bHealth and Social Care Board$vPeriodicals.
=610  10$aNorthern Ireland.$bHealth and Social Care Board$xFinance$vPeriodicals.
=776  08$iAlso issued in print as:$aNorthern Ireland. Health and Social Care Board.$tHealth and Social Care Board annual report & accounts for the year ended 31 March
=780  01$aNorthern Ireland. Health and Social Care Board.$tAnnual report
=780  01$aNorthern Ireland. Health and Social Care Board.$tHealth and Social Care Board annual accounts
=856  40$uhttps://hscboard.hscni.net/publications/annual-reports/
=859  \\$aELD$bejournal
=985  \\$aWFH record (CS) 2022
=CAT  \\$a8124$b40$c20220504$lBLL01$h1500
=CAT  \\$a8124$b40$c20220504$lBLL01$h1504
=FIN  \\$aY$d20220504
=LET  \0$aHealth and Social Care Board annual report & accounts for the year ended 31 March (Electronic)
=LKR  \\$aPAR$b016519258$lBLL01$r776$mHealth and Social Care Board annual report & accounts for the year ended 31 March (Online)$nHealth and Social Care Board annual report & accounts for the year ended 31 March (Print)
=LAS  \\$a8124$b40$c20220504$lBLL01$h1504

