=LDR  02420 as a2200565 i 4500
=001  017443853
=003  Uk
=005  20210125101748.0
=006  m\\\\\|\\d\|\\\\\\
=007  cr\|||||||||||
=008  150714d20122014enkmr|p\os\\\o0\\\a0eng\\
=FMT  \\$a  SE
=040  \\$aUk$beng$cUk$erda
=042  \\$aukblsr
=082  04$a331.120941021$223
=130  0\$aRegional labour market statistics (Statistical bulletin)
=245  10$aRegional labour market statistics.
=264  \1$a[Newport] :$bOffice for National Statistics,$c2012-2014.
=300  \\$a30 volumes :$billustrations (colour), maps (colour).
=310  \\$aMonthly
=336  \\$atext$2rdacontent
=337  \\$acomputer$2rdamedia
=338  \\$aonline resource$2rdacarrier
=362  0\$aJanuary 2012-June 2014.
=490  1\$aStatistical bulletin / Office for National Statistics
=500  \\$aTitle from PDF caption (publisher's Web site, viewed July 14, 2015).
=550  \\$aFrom January 2012-April 2012 issued jointly by the Office for National Statistics and the Department for Work and Pensions.
=588  \\$aLatest issue consulted: June 2014 (viewed July 14, 2015).
=650  \0$aLabor market$zGreat Britain$vStatistics$vPeriodicals.
=710  1\$aGreat Britain.$bOffice for National Statistics.
=710  2\$aUK Statistics Authority.
=710  1\$aGreat Britain.$bDepartment for Work and Pensions,$eissuing body.
=780  00$tRegional labour market
=785  00$tRegional labour market (2014)
=830  \0$aStatistical bulletin (Great Britain. Office for National Statistics)
=856  40$uhttp://www.ons.gov.uk/ons/rel/subnational-labour/regional-labour-market-statistics
=859  \\$aELD$bejournal
=CAT  \\$a11316$b40$c20150714$lBLL01$h1519
=CAT  \\$a11316$b40$c20150714$lBLL01$h1520
=CAT  \\$a11316$b40$c20150714$lBLL01$h1523
=CAT  \\$a11316$b40$c20150714$lBLL01$h1524
=CAT  \\$a11316$b40$c20150714$lBLL01$h1532
=CAT  \\$a5194$b40$c20161013$lBLL01$h1134
=CAT  \\$aBATCH-UPD$b40$c20161013$lBLL01$h1136
=CAT  \\$aW1711-1005$c20171206$lBLL01$h1828
=CAT  \\$a6490$b40$c20210125$lBLL01$h1017
=FIN  \\$aY$d20150714
=LET  \0$aRegional labour market statistics (Statistical bulletin) (Electronic)
=LKR  \\$aPAR$b017403516$lBLL01$nRegional labour market (2014)$mRegional labour market statistics (Statistical bulletin)$r78500
=LAS  \\$a6490$b40$c20210125$lBLL01$h1017

