=LDR  01928 as a2200481 i 4500
=001  017474253
=003  Uk
=005  20160322144907.0
=006  m\\\\\|\\d\|\\\\\\
=007  cr\|||||||||||
=008  150806c20139999enkar\\\o\\\\\0\\\a0eng\\
=FMT  \\$a  SE
=040  \\$aUk$beng$cUk$dUk$erda
=042  \\$aukblsr
=082  04$a708.2$223
=110  2\$aNational Art-Collections Fund (Great Britain),$eauthor.
=245  14$aThe Art Fund in ...
=246  13$aAnnual report
=246  1\$iWeb list title:$aAnnual reports
=246  1\$iWeb link title:$aReport of activities
=264  \1$aLondon :$bArt Fund,$c[2014]-
=300  \\$billustrations (black and white, and colour)
=310  \\$aAnnual
=336  \\$atext$2rdacontent
=337  \\$acomputer$2rdamedia
=338  \\$aonline resource$2rdacarrier
=362  0\$a2013/2014-
=500  \\$aTitle from PDF cover (publisher's Web site, viewed August 6, 2015).
=588  \\$aLatest issue consulted: 2014/2015 issue (viewed August 6, 2015).
=610  20$aNational Art-Collections Fund (Great Britain)$vPeriodicals.
=650  \0$aArt patronage$zGreat Britain$vPeriodicals.
=776  08$iAlso issued in print as:$aNational Art-Collections Fund (Great Britain).$tArt Fund in ...
=787  0\$aNational Art-Collections Fund (Great Britain).$tAnnual report and accounts
=856  4\$uhttp://www.artfund.org/about-us/about-us
=859  \\$aELD$bejournal
=985  \\$aQuery from LD0-e; print still coming in, so record not needed (yet); LKR removed - GC10.3.16 - see also note on 016541407; contents page has title "The Art Fund in ...: annual report".
=CAT  \\$a11316$b40$c20150806$lBLL01$h1402
=CAT  \\$a3072$b40$c20160310$lBLL01$h1335
=CAT  \\$a3072$b40$c20160322$lBLL01$h1449
=CAT  \\$aW1711-1005$c20171206$lBLL01$h1828
=FIN  \\$aY$d20150806
=LET  \4$aThe Art Fund in ... (Electronic)
=LAS  \\$aW1711-1005$b00$c20171206$lBLL01$h1828

