=LDR  01250 as a22003617i 4500
=001  018724938
=003  Uk
=005  20201006075729.0
=006  m\\\\\\\\d\|\\\\\\
=007  cr||||||||||||
=008  180202c20179999enk\x\m\o\\\\\0\\\a0eng\\
=FMT  \\$a  SE
=022  0\$a2516-3221$202
=040  \\$aUk$beng$cUk$dUk$erda
=042  \\$aissnuk
=222  \0$aNew ideas in East Asian studies
=245  00$aNew ideas in East Asian studies.
=264  \1$aEdinburgh :$bUniversity of Edinburgh
=310  \\$aIrregular
=336  \\$atext$2rdacontent
=337  \\$acomputer$2rdamedia
=338  \\$aonline resource$2rdacarrier
=588  \\$aDescription based on: Article 'Transposing artefacts' (2017); viewed February 2 2018.
=588  \\$aLatest issue consulted: (viewed ***).
=856  40$uhttp://www.eastasianstudiesedinburgh.org/new-ideas-in-east-asian-studies/
=859  \\$aELD$bejournal
=985  \\$aWorking paper series, treat issues as mono. DO NOT ACCESSION HERE, ISSN RECORD ONLY.
=985  \\$aWFH record (CS) 2020
=CAT  \\$a11313$b40$c20180202$lBLL01$h0846
=CAT  \\$a8124$b40$c20201006$lBLL01$h0757
=FIN  \\$aY$d20180202
=LET  \0$aNew ideas in East Asian studies (Electronic)
=LAS  \\$a8124$b40$c20201006$lBLL01$h0757

