=LDR  01498 as a2200421 i 4500
=001  018816412
=003  Uk
=005  20211027144805.0
=006  m\\\\\|\\d\|\\\\\\
=007  cr\|||||||||||
=008  180329d200u201uenkar\\\o\\\\\0\\\a0eng\\
=FMT  \\$a  SE
=040  \\$aUk$beng$cUk$erda
=042  \\$aukblsr
=082  04$a331.881135370941$223
=110  2\$aPCS Culture Group,$eauthor.
=245  10$aCulture Group annual report.
=246  13$aAnnual report
=264  \1$a[London] :$bPublic and Commercial Services Union
=310  \\$aAnnual
=336  \\$atext$2rdacontent
=337  \\$acomputer$2rdamedia
=338  \\$aonline resource$2rdacarrier
=588  \\$aDescription based on: 2016/7 issue; title from PDF cover (publisher's Web site, viewed March 29, 2018).
=610  20$aPCS Culture Group$vPeriodicals.
=650  \0$aCollective bargaining$xGovernment employees$zGreat Britain$vPeriodicals.
=690  7\$aManagement and Business Studies$2blcoll
=710  2\$aPublic and Commercial Services Union,$eissuing body.
=856  4\$uhttps://www.pcs.org.uk/pcs-in-sport-and-culture
=859  \\$aELD$bejournal
=985  \\$anew body or variant of: PCS Culture Sector?
=CAT  \\$a3072$b40$c20180329$lBLL01$h1418
=CAT  \\$a3072$b40$c20180329$lBLL01$h1532
=CAT  \\$aBATCH-MBS$c20180720$lBLL01$h2105
=CAT  \\$a8483$b40$c20211027$lBLL01$h1448
=FIN  \\$aY$d20180329
=LET  \0$aCulture Group annual report (Electronic)
=LAS  \\$a8483$b40$c20211027$lBLL01$h1448

