=LDR  02294 as a2200637 a 4500
=001  018833897
=003  Uk
=005  20190909103434.0
=007  ta
=008  080418c20089999enkuu\p\\\\\\\0\\\a0eng\c
=FMT  \\$a  SE
=010  \\$a  2008215191
=016  7\$a101479826$2DNLM
=022  0\$a1942-0900$202
=035  \\$a(OCoLC)225555925
=040  \\$aNSD$beng$cNSD$dNLM$dNSD$dDLC$dOCLCQ$dNLM$dCUS$dOCLCF$dCUS$dOCLCQ$dUk
=042  \\$aissnuk
=050  00$aQH581.2$b.O964
=060  00$aW1$bOX625
=082  10$a611.0181$223
=210  0\$aOxid. med. cell. longev.
=222  \0$aOxidative medicine and cellular longevity
=245  00$aOxidative medicine and cellular longevity.
=260  \\$32008-2010 :$aAustin, TX :$bLandes Bioscience
=260  2\$32011- :$aNew York :$bHindawi Pub. Corp.
=264  31$a[London] :$bHindawi
=336  \\$atext$2rdacontent
=337  \\$aunmediated$2rdamedia
=338  \\$avolume$2rdacarrier
=362  1\$aBegan with vol. 1, issue 1 (July/Aug. 2008).
=588  \\$aDescription based on first issue; title from cover.
=588  \\$aLatest issue consulted: volume 2019, part 1.
=650  \0$aOxidative stress$vPeriodicals.
=650  \0$aCells$xAging$vPeriodicals.
=650  \2$aOxidative Stress.
=650  \2$aCell aging.
=650  \7$aCells$xAging.$2fast$0(OCoLC)fst00850252
=650  \7$aOxidative stress.$2fast$0(OCoLC)fst01049566
=655  \2$aPeriodicals.
=655  \7$aPeriodicals.$2fast$0(OCoLC)fst01411641
=776  08$iOnline version:$tOxidative medicine and cellular longevity$x1942-0994
=856  41$uhttp://bibpurl.oclc.org/web/70617
=856  41$uhttp://www.hindawi.com/journals/omcl/
=856  41$uhttp://www.pubmedcentral.nih.gov/tocrender.fcgi?journal=931
=859  \\$aELD$bejournal
=985  \\$aISSN responsibility transferred from U.S. to UK (09/09/19)
=CAT  \\$a10806$b40$c20180412$lBLL01$h1045
=CAT  \\$a10806$b40$c20180412$lBLL01$h1046
=CAT  \\$a10806$b40$c20180501$lBLL01$h0941
=CAT  \\$a14586$b40$c20190311$lBLL01$h1116
=CAT  \\$a11313N$b50$c20190613$lBLL01$h1051
=CAT  \\$a11313N$b50$c20190909$lBLL01$h1034
=FIN  \\$aY$d20180412
=LET  \0$aOxidative medicine and cellular longevity (Print)
=SID  \\$aZ39$bOCLC
=LAS  \\$a11313N$b50$c20190909$lBLL01$h1034

