=LDR  01726 as a2200481 i 4500
=001  018907097
=003  Uk
=005  20180705091625.0
=006  m\\\\\|\\d\|\\\\\\
=007  cr\|||||||||||
=008  180613c19979999enktr\p\o\\\\\0\\\a0eng\\
=FMT  \\$a  SE
=015  \\$aGBB8A6925$2bnb
=022  0\$a2517-6382$202
=040  \\$aUk$beng$cUk$erda
=042  \\$aukblsr$aissnuk
=082  04$a417.7$223
=222  \0$aOgmios$b(Bath. Online)
=245  00$aOgmios :$bthe newsletter of the Foundation for Endangered Languages.
=264  \1$aBath :$bFoundation for Endangered Languages,$c1997-
=310  \\$aThree times a year,$b2008-
=321  \\$aIrregular,$b-2007
=336  \\$atext$2rdacontent
=337  \\$acomputer$2rdamedia
=338  \\$aonline resource$2rdacarrier
=362  0\$a#6, autumn (31 October 1997)-
=500  \\$aTitle from PDF cover (ogmios.org, viewed June 13, 2018).
=588  \\$aLatest issue consulted: issue 64 (February 2018) (viewed June 13, 2018).
=650  \0$aEndangered languages$vPeriodicals.
=650  \0$aLanguage maintenance$vPeriodicals.
=710  2\$aFoundation for Endangered Languages,$eissuing body.
=776  08$iAlso issued in print as:$tOgmios$x1471-0382
=780  00$tIatiku$x2517-6374
=856  40$uhttp://www.ogmios.org/ogmios/index.php
=859  \\$aELD$bejournal
=CAT  \\$a8124$b40$c20180613$lBLL01$h1233
=CAT  \\$a8124$b40$c20180613$lBLL01$h1240
=CAT  \\$a11205$b40$c20180705$lBLL01$h0916
=FIN  \\$aY$d20180613
=LET  \0$aOgmios (Electronic)
=LKR  \\$aPAR$b009909605$lBLL01$r776$mOgmios (Online)$nOgmios (Print)
=LKR  \\$aPAR$b018907076$lBLL01$r78000$mOgmios (Online)$nIatiku (Online)
=LAS  \\$a11205$b40$c20180705$lBLL01$h0916

