=LDR  02078cas a2200565 i 4500
=001  019012489
=003  Uk
=005  20231017122438.0
=006  m\\\\\\\\d\|\\\\\\
=007  cr||||||||||||
=008  180808c20189999enkqr\p\o\\\\\0\\\a0eng\\
=FMT  \\$a  SE
=015  \\$aGBC3K0062$2bnb
=022  0\$a2631-4282$202
=040  \\$aUk$beng$cUk$erda
=042  \\$aissnuk$aukblsr
=082  04$a294.605$223
=222  \0$aSikhs$b(Online)
=245  00$aSikhs :$bpast & present.
=264  \1$a[Birmingham] :$bG.N. Research Institute, England
=300  \\$billustrations (black and white, and colour)
=310  \\$aQuarterly
=336  \\$atext$2rdacontent
=337  \\$acomputer$2rdamedia
=338  \\$aonline resource$2rdacarrier
=362  1\$aPrint began with July 2018.
=588  \\$aDescription based on print version record.
=588  \\$aLatest issue consulted: March 2023, supplied by publisher.
=550  \\$a"Research Journal of G.N. Research institute, Birmingham, England".
=650  \7$aSikhism$xCustoms and practices.$2fast$0(OCoLC)fst01118415
=650  \7$aSikhism.$2fast$0(OCoLC)fst01118413
=650  \7$aSikhs.$2fast$0(OCoLC)fst01118436
=655  \7$aHistory.$2fast$0(OCoLC)fst01411628
=655  \7$aPeriodicals.$2fast$0(OCoLC)fst01411641
=710  2\$aG.N. Research Institute,$eissuing body.
=776  08$iAlso issued in print <-2020> as:$tSikhs$x2517-7613
=856  4\$umailto:hsdilgeer@yahoo.com
=859  \\$aELD$bejournal
=985  \\$aISSN Description based on: July 2018 issue; title from cover, viewed August 8, 2018.
=CAT  \\$a11205$b40$c20180808$lBLL01$h1103
=CAT  \\$a11205$b40$c20180808$lBLL01$h1214
=CAT  \\$a8871$b40$c20180808$lBLL01$h1253
=CAT  \\$a11205$b40$c20180822$lBLL01$h1427
=CAT  \\$a11205$b40$c20180822$lBLL01$h1428
=CAT  \\$a11313$b40$c20231009$lBLL01$h0906
=CAT  \\$a8483$b40$c20231017$lBLL01$h1224
=FIN  \\$aY$d20180822
=LET  \0$aSikhs (Electronic)
=LKR  \\$aPAR$b018923950$lBLL01$r776$mSikhs (Online)$nSikhs (Print)
=LAS  \\$a8483$b40$c20231017$lBLL01$h1224

