=LDR  01757 as a2200421 i 4500
=001  019050817
=003  Uk
=005  20180912094709.0
=006  m\\\\\|\\d\|\\\\\\
=007  cr\|||||||||||
=008  180912d199u200uenkar\\\o\\\\\0\\\a0eng\\
=FMT  \\$a  SE
=040  \\$aUk$beng$cUk$erda
=042  \\$aukblsr
=082  04$a610.730941$223
=110  20$aFoundation of Nursing Studies,$eauthor.
=240  10$aAnnual report (Foundation of Nursing Studies)
=245  10$aAnnual report ... /$cThe Foundation of Nursing Studies.
=264  \1$aLondon :$bFoundation of Nursing Studies,$c-[2003or 2004]
=300  \\$billustrations (black and white)
=310  \\$aAnnual
=336  \\$atext$2rdacontent
=337  \\$acomputer$2rdamedia
=338  \\$aonline resource$2rdacarrier
=500  \\$a2000/2001 report entitled: 10 year report 1991-2001 incorporating annual report Feb 2000-Feb 2001.
=588  \\$aDescription based on: February 2001/February 2002; title from PDF cover (fons.org, viewed September 12, 2018).
=588  \\$aLatest issue consulted: 2002/2003 (viewed September 12, 2018).
=610  20$aFoundation of Nursing Studies$vPeriodicals.
=776  08$iAlso issued in print as:$aFoundation of Nursing Studies.$tAnnual report (Foundation of Nursing Studies)
=785  00$aFoundation of Nursing Studies.$tTrustees annual report
=856  4\$uhttps://www.fons.org/about-us/annual-reports
=859  \\$aELD$bejournal
=CAT  \\$a8124$b40$c20180912$lBLL01$h0929
=CAT  \\$a8124$b40$c20180912$lBLL01$h0947
=FIN  \\$aY$d20180912
=LET  \0$aAnnual report - Foundation of Nursing Studies (Electronic)
=LKR  \\$aPAR$b007210074$lBLL01$r776$mAnnual report (Online)$nAnnual report (Print)
=LAS  \\$a8124$b40$c20180912$lBLL01$h0947

