=LDR  01558 as a2200469 i 4500
=001  019064742
=003  Uk
=005  20190404113012.0
=006  m\\\\\\\\d\|\\\\\\
=007  cr||||||||||||
=008  180927c20189999enker\p\o\\\\\0\\\a0eng\\
=FMT  \\$a  SE
=015  \\$aGBB965210$2bnb
=022  0\$a2631-6730$202
=040  \\$aUk$beng$cUk$erda
=042  \\$aissnuk$aukblsr
=082  04$a794.805$223
=222  \0$aWireframe$b(Online)
=245  00$aWireframe :$blifting the lid on video games.
=246  13$aWireframe magazine
=246  17$awfmag.cc
=264  \1$aCambridge :$bRaspberry Pi (Trading) Ltd
=300  \\$billustrations (colour)
=310  \\$aBiweekly
=336  \\$atext$2rdacontent
=337  \\$acomputer$2rdamedia
=338  \\$aonline resource$2rdacarrier
=362  0\$aIssue 1-
=500  \\$aTitle from PDF cover (publisher's Web site, viewed April 4, 2019).
=588  \\$aLatest issue consulted: issue 10, published 28 March 2019 (viewed April 4, 2019).
=650  \0$aVideo games$vPeriodicals.
=650  \0$aVideo games$vReviews$vPeriodicals.
=776  08$iAlso issued in print as:$tWireframe$x2631-6722
=856  4\$uhttps://wireframe.raspberrypi.org/issues
=859  \\$aELD$bejournal
=CAT  \\$a10973$b40$c20180927$lBLL01$h1241
=CAT  \\$a11205$b40$c20190207$lBLL01$h1643
=CAT  \\$a8483$b40$c20190404$lBLL01$h1130
=FIN  \\$aY$d20190207
=LET  \0$aWireframe (Electronic)
=LKR  \\$aPAR$b019064741$lBLL01$r776$mWireframe (Online)$nWireframe (Print)
=LAS  \\$a8483$b40$c20190404$lBLL01$h1130

