=LDR  02803 as a2200565 i 4500
=001  019162272
=003  Uk
=005  20190326075518.0
=006  m\\\\\|\\d\|\\\\\\
=007  cr\|||||||||||
=008  181204c20uu9999nikar\\\os\\\o0\\\a0eng\\
=FMT  \\$a  SE
=015  \\$aGBB8N6337$2bnb
=040  \\$aUk$beng$cUk$erda
=042  \\$aukblsr
=082  04$a363.738746309416021$223
=245  00$aNorthern Ireland greenhouse gas inventory.
=246  13$aNorthern Ireland greenhouse gas inventory ... :$bstatistical bulletin$f1990/2014-
=264  \1$aBelfast :$bDepartment of the Environment
=264  21$aBelfast :$bFarm Surveys Branch, Department of Agriculture, Environment and Rural Affairs
=264  31$aBelfast :$bStatistics and Analytical Surveys Branch, Department of Agriculture, Environment and Rural Affairs
=300  \\$billustrations (black and white, and colour).
=310  \\$aAnnual
=336  \\$atext$2rdacontent
=337  \\$acomputer$2rdamedia
=338  \\$aonline resource$2rdacarrier
=490  0\$aStatistical bulletin
=500  \\$aIssues for 1990/2012 to 1990/2013 lack PDF title, and have "Statistical bulletin" at head of publication.
=500  \\$aOn caption page: An official statistics publication.
=500  \\$aAccompanied on Web site by associated PDF infographic and Excel tables.
=588  \\$aDescription based on: 1990/2008 issue, published 2010; title from PDF caption (daera-ni-.gov.uk, viewed December 4, 2018).
=588  \\$aLatest issue consulted: 1990/2016 (daera-ni-.gov.uk, viewed December 4, 2018).
=650  \0$aGreenhouse gases$zNorthern Ireland$vStatistics$vPeriodicals.
=650  \0$aGreenhouse gases$xEnvironmental aspects$zNorthern Ireland$vPeriodicals.
=650  \0$aEnvironmental monitoring$zNorthern Ireland$vPeriodicals.
=710  1\$aNorthern Ireland.$bDepartment of the Environment,$eissuing body.
=710  1\$aNorthern Ireland.$bDepartment of Agriculture, Environment and Rural Affairs.$bFarm Surveys Branch,$eissuing body.
=710  1\$aNorthern Ireland.$bDepartment of Agriculture, Environment and Rural Affairs.$bStatistics and Analytical Surveys Branch,$eissuing body.
=710  2\$aNorthern Ireland Statistics & Research Agency.
=856  40$uhttps://www.daera-ni.gov.uk/articles/northern-ireland-greenhouse-gas-inventory
=859  \\$aELD$bejournal
=985  \\$aExperimental record for QUB ingest - NI gov.
=CAT  \\$a3072$b40$c20181204$lBLL01$h1709
=CAT  \\$a3072$b40$c20181204$lBLL01$h1715
=CAT  \\$a3072$b40$c20181205$lBLL01$h1613
=CAT  \\$a3072$b40$c20181212$lBLL01$h1604
=CAT  \\$a7332$b40$c20190326$lBLL01$h0755
=FIN  \\$aY$d20181212
=LET  \0$aNorthern Ireland greenhouse gas inventory ... statistical bulletin (Electronic)
=LAS  \\$a7332$b40$c20190326$lBLL01$h0755

