=LDR  01619cas a2200445 i 4500
=001  019198195
=003  Uk
=005  20220113122243.0
=006  m\\\\\\\\d\|\\\\\\
=007  cr||||||||||||
=008  190104c201u9999enkqr\p\o\\\\\0\\\e0chi\\
=FMT  \\$a  SE
=015  \\$aGBC200177$2bnb
=022  0\$a2632-0991$202
=040  \\$aUk$beng$cUk$dUk$erda
=042  \\$aissnuk$aukblsr
=082  04$a617.005$223
=222  \0$aGuo ji wai ke yan jiu za zhi
=245  00$aGuo ji wai ke yan jiu za zhi =$bInternational journal of surgical research.
=246  31$aInternational journal of surgical research
=264  \1$a[Lundun] = London :$bGuo ji kai fang huo qu qi kan yan jiu zhong xin = Open Access Journal Research Center
=310  \\$aQuarterly
=336  \\$atext$2rdacontent
=337  \\$acomputer$2rdamedia
=338  \\$aonline resource$2rdacarrier
=362  0\$a1:1 (2017)-
=500  \\$aTitle from PDF thumbnail (publisher's website, viewed January 5, 2022).
=588  \\$aLatest issue consulted:4:1 (2021) (viewed January 5, 2022).
=650  \0$aSurgery$vPeriodicals.
=856  40$uhttp://ijsr.oajrc.org/
=859  \\$aELD$bejournal
=985  \\$aISSN description based on: Title from journal homepage; viewed January 4 2019.
=985  \\$aWFH record (CS) 2022
=CAT  \\$a11313$b40$c20190104$lBLL01$h1105
=CAT  \\$a8124$b40$c20220105$lBLL01$h1227
=CAT  \\$a8124$b40$c20220113$lBLL01$h1222
=FIN  \\$aY$d20190104
=LET  \0$aGuo ji wai ke yan jiu za zhi = International journal of surgical research (Electronic)
=MNI  \\$a2632-0991
=LAS  \\$a8124$b40$c20220113$lBLL01$h1222

