=LDR  02167aas a2200493 i 4500
=001  019204542
=003  Uk
=005  20190314100651.0
=006  m\\\\\\\\d\|\\\\\\
=007  cr||||||||||||
=008  190109d19471985enkqr\p\o\\\\\0\\\a0eng\\
=FMT  \\$a  SE
=022  0\$a2632-170X$202
=040  \\$aUk$beng$cUk$erda
=042  \\$aissnuk$aukblsr
=082  04$a553.805$223
=222  \4$aThe journal of gemmology and proceedings of the Gemmological Association of Great Britain$b(Online)
=245  04$aThe journal of gemmology and proceedings of the Gemmological Association of Great Britain.
=246  13$iArchive page title:$aJournal of gemmology
=264  \1$aLondon :$bGemmological Association of Great Britain,$c1947-1985.
=300  \\$a19 volumes :$billustrations (black and white)
=310  \\$aQuarterly
=336  \\$atext$2rdacontent
=337  \\$acomputer$2rdamedia
=338  \\$aonline resource$2rdacarrier
=362  0\$aVol. 1, no. 1 (January 1947)-vol. XIX, no. 8 (October 1985).
=500  \\$aTitle from PDF caption (gem-a.com, viewed March 14, 2019).
=588  \\$aLatest issue consulted: volume 19, number 8 (October 1985) (viewed March 14, 2019).
=610  20$aGemmological Association of Great Britain$vPeriodicals.
=650  \0$aGemology$vPeriodicals.
=710  2\$aGemmological Association of Great Britain (1938-1990),$eissuing body.
=776  08$iAlso issued in print as:$tJournal of gemmology and proceedings of the Gemmological Association of Great Britain$x0022-1252
=780  00$tGemmological news
=785  00$tJournal of gemmology (London, England : 1986)$x2632-1718
=856  40$uhttps://gem-a.com/index.php/news-publications/publications/journal-of-gemmology/archive
=859  \\$aELD$bejournal
=985  \\$aISSN description based on print version record.
=CAT  \\$a10973$b40$c20190109$lBLL01$h1441
=CAT  \\$a8124$b40$c20190314$lBLL01$h0920
=CAT  \\$a8124$b40$c20190314$lBLL01$h1006
=FIN  \\$aY$d20190109
=LET  \0$aThe journal of gemmology and proceedings of the Gemmological Association of Great Britain (Electronic)
=MNI  \\$a0022-1252
=LAS  \\$a8124$b40$c20190314$lBLL01$h1006

