=LDR  01790 as a2200493 i 4500
=001  019258384
=003  Uk
=005  20190305152451.0
=006  m\\\\\|\\d\|\\\\\\
=007  cr\|||||||||||
=008  190219d20172018enkbr\p\o\\\\\0\\\a0eng\\
=FMT  \\$a  SE
=015  \\$aGBB932200$2bnb
=040  \\$aUk$beng$cUk$erda
=042  \\$aukblsr
=082  04$a363.728094105$223
=245  00$aResource operators journal.
=246  10$aROJ
=264  \1$aCheadle Royal :$bUROC Media Ltd,$c2017-2018.
=300  \\$billustrations (colour)
=310  \\$aBimonthly
=336  \\$atext$2rdacontent
=337  \\$acomputer$2rdamedia
=338  \\$aonline resource$2rdacarrier
=362  0\$aEdition 1 (September 2017)-edition 4 (March 2018).
=500  \\$aTitle from PDF cover (Publisher's Web site, viewed February 19, 2019).
=588  \\$aLatest issue consulted: edition 4 (March 2018) (viewed February 19, 2019).
=610  20$aUnited Resource Operators Consortium$vPeriodicals.
=650  \0$aRecycling industry$zGreat Britain$vPeriodicals.
=650  \0$aRefuse and refuse disposal$zGreat Britain$vPeriodicals.
=650  \0$aRefuse as fuel$zGreat Britain$vPeriodicals.
=650  \0$aRefuse disposal facilities$zGreat Britain$vPeriodicals.
=710  2\$aUnited Resource Operators Consortium,$eissuing body.
=785  00$tUROC, skip to resources
=856  40$uhttps://www.uroc.uk/journal-online
=859  \\$aELD$bejournal
=CAT  \\$a8124$b40$c20190219$lBLL01$h1017
=CAT  \\$a8124$b40$c20190219$lBLL01$h1023
=CAT  \\$a8124$b40$c20190219$lBLL01$h1025
=CAT  \\$a11315$b40$c20190221$lBLL01$h1319
=CAT  \\$a8124$b40$c20190305$lBLL01$h1524
=FIN  \\$aY$d20190219
=LET  \0$aResource operators journal (Electronic)
=LAS  \\$a8124$b40$c20190305$lBLL01$h1524

