=LDR  01913aas a2200505 i 4500
=001  019294627
=003  Uk
=005  20220105101630.0
=006  m\\\\\\\\d\|\\\\\\
=007  cr||||||||||||
=008  190311c20199999enk\x\p\o\\\\\0\\\e0chi\\
=FMT  \\$a  SE
=015  \\$aGBC200156$2bnb
=022  0\$a2632-4571$202
=040  \\$aUk$beng$cUk$erda
=042  \\$aissnuk$aukblsr
=082  04$a332.042$223
=222  \0$aGuo ji jin rong jin zhan
=245  00$6880-01$aGuo ji jin rong jin zhan =$bAdvances in international finance.
=246  31$aAdvances in international finance
=264  \1$6880-02,$aLundun = London :$bKai fang huo qu qi kan yan jiu zhong xin = Open Access Journal Research Center$c2019-
=336  \\$atext$2rdacontent
=337  \\$acomputer$2rdamedia
=338  \\$aonline resource$2rdacarrier
=362  0\$a1,1 (2019)-
=500  \\$aTitle from journal home page (http://aif.oajrc.org/, viewed January 5, 2021).
=515  \\$aArticles added, as accepted, to current issue.
=588  \\$aLatest issue consulted: 3, 1 (2021) (viewed January 5, 2021).
=650  \0$aInternational finance$vPeriodicals.
=650  \0$aCapital market$vPeriodicals.
=856  40$uhttp://aif.oajrc.org/
=859  \\$aELD$bejournal
=880  00$6245-01$a国际金融进展 =$bAdvances in international finance.
=880  \1$6264-02$a伦敦 = London :$b开放获取期刊研究中心 = Open Access Journal Research Center
=985  \\$aWFH record (CS) 2022
=CAT  \\$a11313$b40$c20190311$lBLL01$h1120
=CAT  \\$a11313$b40$c20190311$lBLL01$h1148
=CAT  \\$a13876$b40$c20190326$lBLL01$h1801
=CAT  \\$a11313$b40$c20190408$lBLL01$h1017
=CAT  \\$a10973$b40$c20200717$lBLL01$h1019
=CAT  \\$a8124$b40$c20220105$lBLL01$h1016
=FIN  \\$aY$d20200717
=LET  \0$aAdvances in international finance (Electronic)
=MNI  \\$a2632-4571
=LAS  \\$a8124$b40$c20220105$lBLL01$h1016

