=LDR  01614aas a2200469 i 4500
=001  019368475
=003  Uk
=005  20190606140139.0
=006  m\\\\\\\\d\|\\\\\\
=007  cr||||||||||||
=008  190415c20199999enkfr\p\o\\\\\0\\\a0eng\\
=FMT  \\$a  SE
=015  \\$aGBB9A4731$2bnb
=022  0\$a2632-6213$202
=040  \\$aUk$beng$cUk$erda
=042  \\$aissnuk$aukblsr
=082  04$a284.3$223
=222  \0$aAnabaptism today$b(Online)
=245  00$aAnabaptism today.
=246  13$aAT
=264  \1$a[Bristol] :$bAnabaptist Mennonite Network
=310  \\$aSemiannual
=336  \\$atext$2rdacontent
=337  \\$acomputer$2rdamedia
=338  \\$aonline resource$2rdacarrier
=362  0\$aVol. 1, no. 1 (2019)-
=500  \\$aTitle from journal homepage (Publisher's Web site, viewed June 5, 2019).
=650  \0$aAnabaptists$vPeriodicals.
=710  2\$aAnabaptist Mennonite Network,$eissuing body.
=787  0\$tAnabaptism today$x1360-9297
=856  40$uhttps://anabaptismtoday.co.uk/index.php/home
=859  \\$aELD$bejournal
=985  \\$aRevival of print version of Anabaptism today which ceased in 2004
=985  \\$aISSN description based on: Vol. 1, no. 1 (2019); title from journal homepage, viewed April 15 2019
=CAT  \\$a11313$b40$c20190415$lBLL01$h1436
=CAT  \\$a8124$b40$c20190605$lBLL01$h0944
=CAT  \\$a11315$b40$c20190606$lBLL01$h1401
=FIN  \\$aY$d20190415
=LET  \0$aAnabaptism today (Electronic)
=LKR  \\$aPAR$b007242540$lBLL01$r7870$mAnabaptism today (Online)$nAnabaptism today
=MNI  \\$a2632-6213
=LAS  \\$a11315$b40$c20190606$lBLL01$h1401

