=LDR  01657 as a2200409 i 4500
=001  019540335
=003  Uk
=005  20190910144830.0
=006  m\\\\\|\\d\|\\\\\\
=007  cr\|||||||||||
=008  190910c20039999enkar\\\o\\\\\0\\\a0eng\\
=FMT  \\$a  SE
=040  \\$aUk$beng$cUk$erda
=042  \\$aukblsr
=082  04$a385.310941$223
=110  2\$aRailway Heritage Trust,$eauthor.
=240  10$aAnnual report and accounts (Railway Heritage Trust)
=245  10$aAnnual report and accounts /$cRailway Heritage Trust.
=264  \1$aLondon :$bRailway Heritage Trust,
=300  \\$billustrations (black and white, and colour)
=310  \\$aAnnual
=336  \\$atext$2rdacontent
=337  \\$acomputer$2rdamedia
=338  \\$aonline resource$2rdacarrier
=362  1\$aPrint began with 2003/2004.
=588  \\$aDescription based on: 2007/2008 issue (publisher's Web site, viewed September 10, 2019).
=588  \\$aLatest issue consulted: 2017/2018 (viewed September 10, 2019).
=610  20$aRailway Heritage Trust$vPeriodicals.
=650  \0$aRailroads$xConservation and restoration$zGreat Britain$vPeriodicals.
=776  08$iAlso issued in print as:$aRailway Heritage Trust.$sAnnual report and accounts (Railway Heritage Trust)
=856  40$uhttp://railwayheritagetrust.co.uk/annual-report-and-accounts/
=859  \\$aELD$bejournal
=CAT  \\$a8124$b40$c20190910$lBLL01$h1448
=FIN  \\$aY$d20190910
=LET  \0$aAnnual report and accounts - Railway Heritage Trust (Electronic)
=LKR  \\$aPAR$b013406273$lBLL01$r776$mAnnual report and accounts (Online)$nAnnual report and accounts (Print)
=LAS  \\$a8124$b40$c20190910$lBLL01$h1448

