=LDR  01991aas a2200481 i 4500
=001  019586024
=003  Uk
=005  20200115080309.0
=006  m\\\\\\\\d\|\\\\\\
=007  cr||||||||||||
=008  191025d19822008enkar\p\o\\\\\0\\\a0eng\\
=FMT  \\$a  SE
=022  0\$a2633-4208$202
=040  \\$aUk$beng$cUk$erda
=042  \\$aissnuk$aukblsr
=082  04$a933.005$223
=210  0\$aBull. Anglo-Isr. Archaeol. Soc.$b(Online)
=222  \0$aBulletin of the Anglo-Israel Archaeological Society$b(Online)
=245  00$aBulletin of the Anglo-Israel Archaeological Society.
=264  \1$a[London] :$bAnglo-Israel Archaeological Society,$c1982-2008.
=300  \\$billustrations (black and white, and colour), maps (black and white, and colour)
=310  \\$aAnnual
=336  \\$atext$2rdacontent
=337  \\$acomputer$2rdamedia
=338  \\$aonline resource$2rdacarrier
=362  0\$a1982-2008.
=500  \\$aTitle from PDF cover (Publisher's website, viewed January 15, 2020).
=588  \\$aLatest issue consulted: volume 26 (2008) (viewed January 15, 2020).
=650  \0$aExcavations (Archaeology)$zIsrael$vPeriodicals.
=651  \0$aIsrael$xAntiquities$vPeriodicals.
=710  2\$aAnglo-Israel Archaeological Society (London, England),$eissuing body.
=776  08$iAlso issued in print as:$tBulletin of the Anglo-Israel Archaeological Society$x0266-2442
=785  00$tStrata (London, England)$x2633-4216
=856  40$uhttp://aias.org.uk/table-of-contents/
=859  \\$aELD$bejournal
=CAT  \\$a10973$b40$c20191025$lBLL01$h1128
=CAT  \\$a10973$b40$c20191025$lBLL01$h1148
=CAT  \\$a8124$b40$c20200115$lBLL01$h0803
=FIN  \\$aY$d20191025
=LET  \0$aBulletin of the Anglo-Israel Archaeological Society (Electronic)
=LKR  \\$aPAR$b007891897$lBLL01$r776$mBulletin of the Anglo-Israel Archaeological Society (Online)$nBulletin of the Anglo-Israel Archaeological Society (Print)
=MNI  \\$a2633-4208
=LAS  \\$a8124$b40$c20200115$lBLL01$h0803

