=LDR  01890aas a2200517 i 4500
=001  019586040
=003  Uk
=005  20210224151058.0
=006  m\\\\\\\\d\|\\\\\\
=007  cr||||||||||||
=008  191025c20099999enkar\p\o\\\\\0\\\a0eng\\
=FMT  \\$a  SE
=015  \\$aGBC006607$2bnb
=022  0\$a2633-4216$y0266-2442$202
=040  \\$aUk$beng$cUk$dUk$erda
=042  \\$aissnuk$aukblsr
=082  04$a933.005$223
=130  0\$aStrata (London, England)
=222  \0$aStrata$b(London. Online)
=245  10$aStrata.
=264  \1$aLondon :$bAnglo-Israel Archaeological Society,$c2009-
=300  \\$billustrations (black and white, and colour), maps (black and white, and colour)
=310  \\$aAnnual
=336  \\$atext$2rdacontent
=337  \\$acomputer$2rdamedia
=338  \\$aonline resource$2rdacarrier
=362  0\$aVolume 27 (2009)-
=500  \\$aTitle from PDF cover (Publisher's website, viewed January 15, 2020).
=588  \\$aLatest issue consulted: volume 35 (2017) (viewed January 15, 2020).
=650  \0$aExcavations (Archaeology)$zIsrael$vPeriodicals.
=651  \0$aIsrael$xAntiquities$vPeriodicals.
=710  2\$aAnglo-Israel Archaeological Society (London, England)
=776  08$iAlso issued in print as:$tStrata (London, England)$x2042-7867
=780  00$tBulletin of the Anglo-Israel Archaeological Society$x2633-4208
=856  40$uhttp://aias.org.uk/table-of-contents/
=859  \\$aELD$bejournal
=985  \\$aNo LKR to 019586024 as no stock there
=CAT  \\$a10973$b40$c20191025$lBLL01$h1146
=CAT  \\$a8124$b40$c20200115$lBLL01$h0812
=CAT  \\$a8124$b40$c20200116$lBLL01$h1302
=CAT  \\$a11279$b40$c20210224$lBLL01$h1510
=FIN  \\$aY$d20191025
=LET  \0$aStrata (Electronic)
=LKR  \\$aPAR$b015444480$lBLL01$r776$mStrata (Online)$nStrata (Print)
=MNI  \\$a2633-4216
=LAS  \\$a11279$b40$c20210224$lBLL01$h1510

