=LDR  01724 as a2200469 i 4500
=001  019650106
=003  Uk
=005  20200108154231.0
=006  m\\\\\|\\d\|\\\\\\
=007  cr\|||||||||||
=008  191219d19882008enkar\\\o\\\\\0\\\a0eng\\
=FMT  \\$a  SE
=022  0\$a2633-6995$202
=040  \\$aUk$beng$cUk$dUk$erda
=042  \\$aukblsr$aissnuk
=082  04$a378.42393$223
=110  2\$aUniversity of Bristol,$eauthor.
=222  \0$aAnnual report$b(University of Bristol. Online)
=245  10$aAnnual report.
=264  \1$aBristol :$bUniversity of Bristol
=300  \\$billustrations (colour)
=310  \\$aAnnual
=336  \\$atext$2rdacontent
=337  \\$acomputer$2rdamedia
=338  \\$aonline resource$2rdacarrier
=362  0\$aPrint began with 1988; ceased with 2007/08.
=588  \\$aDescription based on: 2002/03 issue; title from PDF introduction.
=588  \\$aLatest issue consulted: 2007/08.
=610  20$aUniversity of Bristol$vPeriodicals.
=776  08$iAlso issued in print as:$aUniversity of Bristol$tAnnual report$x0955-2502
=785  00$aUniversity of Bristol.$tReview of the year$x2633-7002
=856  40$uhttp://www.bristol.ac.uk/university/publications/archive/annual-report.html
=859  \\$aELD$bejournal
=CAT  \\$a3072$b40$c20191219$lBLL01$h1546
=CAT  \\$a3072$b40$c20191219$lBLL01$h1639
=CAT  \\$a3072$b40$c20191219$lBLL01$h1645
=CAT  \\$a3072$b40$c20191230$lBLL01$h1659
=CAT  \\$a10973$b40$c20200108$lBLL01$h1542
=FIN  \\$aY$d20191219
=LKR  \\$aPAR$b010641171$lBLL01$nAnnual report - University of Bristol (Print)$mAnnual report - University of Bristol (Online)$r776
=MNI  \\$a0955-2502
=LAS  \\$a10973$b40$c20200108$lBLL01$h1542

