=LDR  01713cas a2200397 i 4500
=001  020582433
=003  Uk
=005  20220907151116.0
=006  m\\\\\|\\d\|\\\\\\
=007  cr\|||||||||||
=008  220511d20212021enkdn\\\o\\\\o0\\\a0eng\\
=FMT  \\$a  SE
=040  \\$aUk$beng$cUk$dUk$erda
=042  \\$aukblsr
=082  04$a614.592414$223
=245  00$aOmicron daily overview.
=264  \1$a[London] :$bUK Health Security Agency,$c2021.
=300  \\$bDaily, except Christmas day and Boxing day
=310  \\$aillustrations (colour)
=336  \\$atext$2rdacontent
=337  \\$acomputer$2rdamedia
=338  \\$aonline resource$2rdacarrier
=362  0\$a13 December 2021-31 December 2021.
=500  \\$aTitle from PDF first page (publisher's website, viewed May 11, 2022).
=500  \\$aWebsite includes: Methodology for estimating daily infections.
=500  \\$a"As VOC Omicron is now the dominant strain within England, with effect from 1 January 2022 UKHSA will no longer be separately reporting VOC Omicron statistics. Daily COVID-19 statistics continue to be available via [https://coronavirus.data.gov.uk/] - information from last issue.
=588  \\$aLatest issue consulted: 31 December 2021 (viewed May 11, 2022).
=650  \0$aCovid-19 (Disease)$zGreat Britain$xEpidemiology$vStatistics$vPeriodicals.
=710  2\$aUK Health Security Agency,$eissuing body.
=856  40$uhttps://www.gov.uk/government/publications/covid-19-omicron-daily-overview
=859  \\$aELD$bejournal
=CAT  \\$a3072$b40$c20220511$lBLL01$h1640
=CAT  \\$a3072$b40$c20220907$lBLL01$h1511
=FIN  \\$aY$d20220511
=LET  \0$aOmicron daily overview (Electronic)
=LAS  \\$a3072$b40$c20220907$lBLL01$h1511

