=LDR  02003nas a2200481 i 4500
=001  020582692
=003  Uk
=005  20220512124016.0
=006  m\\\\\|\\d\|\\\\\\
=007  cr\|||||||||||
=008  220512c20009999nikar\\\o\\\\\0\\\a0eng\\
=FMT  \\$a  SE
=015  \\$aGBC284575$2bnb
=040  \\$aUk$beng$cUk$erda
=042  \\$aukblsr
=082  04$a382.094160417$223
=110  2\$aInterTradeIreland (Organization),$eauthor.
=245  10$aAnnual review of activities ..., annual accounts ... /$cInterTradeIreland.
=246  30$aAnnual accounts
=246  1\$iTitle of short duration:$aAnnual report,$f2007
=246  1\$iMinor title change:$aAnnual review of activities and annual accounts,$f2005-
=264  \1$aNewry :$bInterTradeIreland
=300  \\$billustrations (black and white, and colour)
=310  \\$aAnnual
=336  \\$atext$2rdacontent
=337  \\$acomputer$2rdamedia
=338  \\$aonline resource$2rdacarrier
=362  1\$aPrint began in 2000.
=588  \\$aDescription based on: print version record.
=588  \\$aLatest issue consulted: 2020 (publisher's website, viewed May 12, 2022).
=610  20$aInterTradeIreland (Organization)$vPeriodicals.
=610  20$aInterTradeIreland (Organization)$xFinance$vPeriodicals.
=690  7\$aManagement and Business Studies$2blcoll
=776  08$iAlso issued in print as:$aInterTradeIreland (Organization).$tAnnual review of activities ..., annual accounts
=856  4\$uhttps://intertradeireland.com/corporate-information/annual-reports
=859  \\$aELD$bejournal
=985  \\$aWFH record (CS) 2022
=CAT  \\$a8124$b40$c20220512$lBLL01$h1239
=CAT  \\$a8124$b40$c20220512$lBLL01$h1240
=FIN  \\$aY$d20220512
=LET  \0$aAnnual review of activities and annual accounts - InterTradeIreland (Electronic)
=LKR  \\$aPAR$b009919041$lBLL01$r776$mAnnual review of activities ..., annual accounts (Online)$nAnnual review of activities ..., annual accounts (Print)
=LAS  \\$a8124$b40$c20220512$lBLL01$h1240

