=LDR  01708cas a2200469 i 4500
=001  016413504
=003  Uk
=005  20201106222015.0
=006  m\\\\\\\\d\|\\\\\\
=007  cr||||||||||||
=008  130516d20132014enkmr\p\o\\\\\0\\\a0eng\\
=FMT  \\$a  SE
=015  \\$aGBC0G1654$2bnb
=022  0\$a2052-7810$202
=040  \\$aUk$beng$cUk$dUk$erda
=042  \\$aissnuk$aukblsr
=082  04$a362.19685882$223
=222  \0$aOA autism
=245  00$aOA autism.
=246  3\$aOpen access autism
=264  \1$aLondon :$bOpen Access Publishing London,$c2013-2014.
=310  \\$aMonthly
=336  \\$atext$2rdacontent
=337  \\$acomputer$2rdamedia
=338  \\$aonline resource$2rdacarrier
=362  0\$aVolume 1 (March 2013)-volume 2 (October 2014).
=500  \\$aTitle from PDF article running title (publisher's Web site, viewed October 19, 2020).
=515  \\$aArticles are added on an individual basis, as accepted, and archived in the current issue.
=588  \\$aLatest issue consulted: volume 2 (October 2014) (viewed October 19, 2020).
=650  \0$aAutism$vPeriodicals.
=690  7\$aSocial Welfare$2blcoll
=856  40$uhttp://www.oapublishinglondon.com/oa-autism
=859  \\$aELD$bejournal
=985  \\$aISSN description based on: journal homepage, viewed 16.05.2013. Earliest article viewed: 1(1):1 (01 Mar. 2013)
=985  \\$aCatalogued via VPN October 2020.
=CAT  \\$a11313$b40$c20130516$lBLL01$h0856
=CAT  \\$a11313$b40$c20130516$lBLL01$h0922
=CAT  \\$a3072$b40$c20201019$lBLL01$h1117
=CAT  \\$a3072$b40$c20201019$lBLL01$h1118
=CAT  \\$aBATCH-SWP$c20201106$lBLL01$h2220
=FIN  \\$aY$d20130516
=LAS  \\$aBATCH-SWP$b00$c20201106$lBLL01$h2220

