=LDR  01552 as a2200433 i 4500
=001  017740444
=003  Uk
=005  20210105125708.0
=006  m\\\\\\\\d\|\\\\\\
=007  cr||||||||||||
=008  160211c20159999enkqr\p\o\\\\\0\\\f0ara\\
=FMT  \\$a  SE
=015  \\$aGBC100350$2bnb
=022  0\$a2397-7671$202
=040  \\$aUk$beng$cUk$erda
=042  \\$aissnuk$aukblsr
=082  04$a892.71$223
=222  \0$aRasā'il al-shiʿr majallah adabīyah tuʿná bi-al-shiʿr tasduru faṣlīyan
=245  00$aRasā'il al-shiʿr majallah adabīyah tuʿná bi-al-shiʿr tasduru faṣlīyan =$bPoetry letters magazine.
=246  31$aPoetry letters magazine
=264  \1$aCoventry :$bR. Zakaria
=300  \\$billustrations (black and white, and colour)
=310  \\$aQuarterly
=336  \\$atext$2rdacontent
=337  \\$acomputer$2rdamedia
=338  \\$aonline resource$2rdacarrier
=362  1\$aIssue 1 (January 2015)-
=500  \\$aTitle from PDF cover (publisher's Web site, viewed February 11, 2016).
=500  \\$aFrom 2017 published in HTML format only.
=588  \\$aLatest issue consulted: number 10 (July 2017) (viewed January 5, 2021).
=650  \0$aArabic poetry$vPeriodicals.
=856  4\$uhttp://www.poetryletters.com/mag/
=859  \\$aELD$bejournal
=CAT  \\$a11315$b40$c20160211$lBLL01$h1152
=CAT  \\$a8483$b40$c20210105$lBLL01$h1256
=CAT  \\$a8483$b40$c20210105$lBLL01$h1257
=FIN  \\$aY$d20160211
=LET  \0$aPoetry letter magazine (Electronic)
=LAS  \\$a8483$b40$c20210105$lBLL01$h1257

