=LDR  02637 as a2200673 a 4500
=001  017775000
=003  Uk
=005  20160513113838.0
=006  m\\\\\o\\d\\\\\\\\
=007  cr\un|||||||||
=008  050614d19872015enkqr\p\o\\\\\0\\\b0ger\d
=FMT  \\$a  SE
=015  \\$aGBB640020$2bnb
=022  \\$a1862-0000$y2397-0022
=035  \\$a(OCoLC)60618194$z(OCoLC)433675349
=040  \\$aOCLCS$beng$cOCLCS$dOCLCQ$dUUO$dOCLCQ$dEYM$dOCLCF$dOCLCO$dUk
=041  0\$ager$aeng
=042  \\$aukblsr
=043  \\$ae-gw---
=050  14$aHF1$b.Z48
=082  04$a658.3005$223
=130  0\$aZeitschrift für personalforschung (Online)
=222  \0$aZeitschrift für Personalforschung$b(Internet)
=245  10$aZeitschrift für personalforschung$h[electronic resource].
=246  17$aZfP
=246  13$aGerman journal of human resource research$f2003-2010
=246  13$aGerman journal of research in human resource management$f2010-2015
=246  3\$aGHRM
=260  \\$aMünchen :$bRainer Hampp Verlag,$c1987-2015.
=310  \\$aQuarterly
=336  \\$atext$2rdacontent
=337  \\$acomputer$2rdamedia
=338  \\$aonline resource$2rdacarrier
=362  1\$aBegan publication with 1. Jg., Heft 1 (1987).
=546  \\$aIn German and English.
=538  \\$aMode of access: World Wide Web.
=588  \\$aDescription based on 1. Jg., Heft 1 (1987); title from PDF cover (JSTOR, viewed Sept. 13, 2013).
=650  \0$aPersonnel management$vPeriodicals.
=650  \0$aPersonnel management$xResearch$zGermany (West)$vPeriodicals.
=650  \0$aPersonnel management$xResearch$zGermany$vPeriodicals.
=650  \0$aPersonnel management$zGermany (West)$vPeriodicals.
=650  \0$aPersonnel management$zGermany$vPeriodicals.
=650  \7$aPersonnel management.$2fast$0(OCoLC)fst01058797
=650  \7$aPersonnel management$xResearch.$2fast$0(OCoLC)fst01058834
=651  \7$aGermany (West)$2fast$0(OCoLC)fst01210273
=655  \7$aPeriodicals.$2fast$0(OCoLC)fst01411641
=776  08$iPrint version:$tZeitschrift für personalforschung$x0179-6437
=785  00$tGerman journal of human resource management$x2397-0030
=859  \\$aELD$bejournal
=856  40$uhttp://www.jstor.org/action/showPublication?journalCode=zeitpers
=CAT  \\$a3072$b40$c20160317$lBLL01$h1229
=CAT  \\$a3072$b40$c20160317$lBLL01$h1342
=CAT  \\$a11313$b40$c20160513$lBLL01$h1138
=CAT  \\$aW1711-1005$c20171206$lBLL01$h1829
=FIN  \\$aY$d20160317
=LET  \0$aGerman journal of human resource research (Electronic)
=MNI  \\$a0179-6437
=SID  \\$aZ39$bOCLC
=LAS  \\$aW1711-1005$b00$c20171206$lBLL01$h1829

