=LDR  02060aas a2200517 i 4500
=001  018180497
=003  Uk
=005  20190828151819.0
=006  m\\\\\\\\d\|\\\\\\
=007  cr||||||||||||
=008  170117d19uu2003enkqr\p\o\\\\\0\\\a0eng\\
=FMT  \\$a  SE
=022  0\$a2513-8588$202
=040  \\$aUk$beng$cUk$erda
=042  \\$aissnuk$aukblsr
=082  04$a620.0011$223
=210  0\$aINCOSE UK newsl.
=222  \0$aINCOSE UK newsletter
=245  00$aINCOSE UK newsletter.
=246  3\$aInternational Council on Systems Engineering United Kingdom newsletter
=264  \1$aBarrow-in-Furness, Cumbria :$bStructured Software Systems Limited (3SL),$c-[2003]
=300  \\$billustrations (black and white, and colour)
=310  \\$aQuarterly
=336  \\$atext$2rdacontent
=337  \\$acomputer$2rdamedia
=338  \\$aonline resource$2rdacarrier
=362  0\$a-March 2003.
=588  \\$aDescription based on: newsletter 17, issue 01 (June 1999); title from PDF cover (viewed January 17, 2017).
=588  \\$aLatest issue consulted: March 2003 (Publisher's Web site, viewed Aigist 28, 2019).
=650  \0$aSystems engineering$vPeriodicals.
=710  2\$aInternational Council on Systems Engineering.$bUK Chapter,$eissuing body.
=785  00$tPreview (International Council on Systems Engineering. UK Chapter)$x2513-857X
=856  40$uhttp://incoseonline.org.uk/Program_Files/Publications/Preview.aspx?CatID=Publications&SubCat=SEJounalsandPeriodicals
=859  \\$aELD$bejournal
=CAT  \\$a10806$b40$c20170117$lBLL01$h1633
=CAT  \\$a10806$b40$c20170117$lBLL01$h1636
=CAT  \\$a10806$b40$c20170118$lBLL01$h0933
=CAT  \\$a10806$b40$c20170118$lBLL01$h0935
=CAT  \\$a10806$b40$c20170118$lBLL01$h0941
=CAT  \\$aBATCH-UPD$b40$c20170126$lBLL01$h1001
=CAT  \\$a10806$b40$c20170126$lBLL01$h1140
=CAT  \\$aBATCH-UPD$b40$c20170127$lBLL01$h1632
=CAT  \\$a8124$b40$c20190828$lBLL01$h1518
=FIN  \\$aY$d20170126
=LET  \0$aINCOSE UK newsletter (Electronic)
=LAS  \\$a8124$b40$c20190828$lBLL01$h1518

