=LDR  02565 as a2200625 i 4500
=001  018188417
=003  Uk
=005  20210318152413.0
=006  m\\\\\|\\d\|\\\\\\
=007  cr\|||||||||||
=008  170124c20159999enkmn\p\o\\\\\0\\\a0eng\\
=FMT  \\$a  SE
=015  \\$aGBB710424$2bnb
=022  0\$a2513-9509$y2046-5939$202
=040  \\$aUk$beng$cUk$erda
=042  \\$aukblsr$aissnuk
=082  04$a658.4083$223
=222  \0$aPSS magazine$b(Online)
=245  00$aPSS magazine.
=246  1\$iMinor title change:$aPublic sector sustainability (2021),$fMarch/April 2021-
=246  13$aPublic sector sustainability
=264  \1$aRushden, Northants :$bPSS Media
=300  \\$billustrations (colour)
=310  \\$aTen issues yearly
=336  \\$atext$2rdacontent
=337  \\$acomputer$2rdamedia
=338  \\$aonline resource$2rdacarrier
=362  0\$aNovember/December 2015-September/October 2017; March/April 2021-
=500  \\$aTitle from PDF cover (publisher's Web site, viewed January 24, 2017).
=588  \\$aLatest issue consulted: March/April 2021 (PSSA website, viewed March 18, 2021).
=550  \\$aFrom 2021: "The official magazine of the Public Sector Sustainability Association".
=650  \0$aSustainable development$zGreat Britain$vPeriodicals.
=650  \0$aPublic administration$xEnvironmental aspects$zGreat Britain$vPeriodicals.
=650  \0$aPolitical planning$xEnvironmental aspects$zGreat Britain$vPeriodicals.
=650  \0$aGreen technology$vPeriodicals.
=710  2\$aPublic Sector Sustainability Association,$eissuing body.
=776  08$iAlso issued in print -2016 as:$tPSS magazine$x2398-3507
=780  00$tPublic sector estates management$x2055-3625
=856  4\$uhttps://pssa.info/
=856  4\$uhttps://pssmagazine.co.uk/archive/
=856  4\$uhttps://issuu.com/abbeypublishing/docs
=859  \\$aELD$bejournal
=CAT  \\$a8483$b40$c20170124$lBLL01$h1447
=CAT  \\$a8483$b40$c20170124$lBLL01$h1453
=CAT  \\$a8483$b40$c20170125$lBLL01$h0937
=CAT  \\$a10806$b40$c20170131$lBLL01$h1359
=CAT  \\$aW1711-1005$c20171206$lBLL01$h1830
=CAT  \\$a8483$b40$c20210318$lBLL01$h1503
=CAT  \\$a8483$b40$c20210318$lBLL01$h1505
=CAT  \\$a8483$b40$c20210318$lBLL01$h1524
=FIN  \\$aY$d20170124
=LET  \0$aPSS magazine (Electronic)
=LKR  \\$aPAR$b016657705$lBLL01$r78000$mPSS magazine (Online)$nPublic sector estates management (Online)
=LKR  \\$aPAR$b017849688$lBLL01$r776$mPSS magazine (Online)$nPSS magazine (Print)
=LAS  \\$a8483$b40$c20210318$lBLL01$h1524

