=LDR  01689aas a2200445 i 4500
=001  018244251
=003  Uk
=005  20200130150542.0
=006  m\\\\\\\\d\|\\\\\\
=007  cr\|||||||||||
=008  170303d19942003enkar\p\o\\\\\0\\\a0eng\\
=FMT  \\$a  SE
=015  \\$aGBC014265$2bnb
=022  0\$a2514-2976$202
=040  \\$aUk$beng$cUk$erda
=042  \\$aissnuk$aukblsr
=082  04$a362.20941$223
=210  0\$aMent. health res. rev.$b(Online)
=222  \0$aMental health research review$b(Online)
=245  00$aMental health research review.
=264  \1$aCanterbury, Kent :$bPSSRU,$c1994-2003.
=310  \\$aAnnual
=336  \\$atext$2rdacontent
=337  \\$acomputer$2rdamedia
=338  \\$aonline resource$2rdacarrier
=362  0\$aPrint began with no. 1 (Feb. 1994).
=362  1\$aCeased in 2003.
=588  \\$aDescription based on: number 9 (May 2003); title from PDF cover.
=650  \0$aMental health services$zGreat Britain$vPeriodicals.
=650  \0$aMentally ill$xServices for$zGreat Britain$vPeriodicals.
=710  2\$aUniversity of Kent at Canterbury.$bPersonal Social Services Research Unit,$eissuing body.
=776  08$iAlso issued in print as:$tMental health research review$x1353-2650
=856  40$uhttp://www.lse.ac.uk/LSEHealthAndSocialCare/outputs/mentalHealthResearchReview.aspx
=859  \\$aELD$bejournal
=CAT  \\$a10806$b40$c20170303$lBLL01$h1355
=CAT  \\$a10806$b40$c20170303$lBLL01$h1403
=CAT  \\$a3072$b40$c20200130$lBLL01$h1505
=FIN  \\$aY$d20170303
=LKR  \\$aPAR$b007234059$lBLL01$nMental health research review (Print)$mMental health research review (Online)$r776
=LAS  \\$a3072$b40$c20200130$lBLL01$h1505

