=LDR  02011cas a2200553 a 4500
=001  015180293
=003  Uk
=005  20201116115733.0
=006  m\\\\\\\\d\\\\\\\\
=007  cr\cnu||||||||
=008  990113c19uu9999sz\ar\pss\\\\\0\\\\0eng\d
=FMT  \\$a  SE
=010  \\$asn 98048519
=035  \\$a(OCoLC)40613633
=040  \\$aWAU$cWAU$dOCLCQ
=042  \\$aukblsr
=050  14$aHV553
=082  04$a363.3405$222
=130  0\$aWorld disasters report (Online)
=245  14$aThe world disasters report$h[electronic resource].
=246  30$aWDR
=260  \\$aGeneva, Switzerland :$bInternational Federation of Red Cross and Red Crescent Societies
=310  \\$aAnnual
=336  \\$atext$2rdacontent
=337  \\$acomputer$2rdamedia
=338  \\$aonline resource$2rdacarrier
=362  1\$aCoverage as of Jan. 8, 1999: 1995-
=500  \\$aDescription based on: 1995; title from home page (viewed Jan. 8, 1999).
=500  \\$aLatest issue consulted: 2008.
=538  \\$aMode of access: World Wide Web.
=538  \\$aSystem requirements: Adobe Acrobat Reader.
=650  \0$aDisaster relief$vPeriodicals.
=650  \0$aDisasters$xSocial aspects$vPeriodicals.
=710  2\$aInternational Federation of Red Cross and Red Crescent Societies.
=776  0\$tWorld disasters report$x0929-0850
=856  40$uhttp://www.ifrc.org/publicat/wdr/
=859  \\$aELD$bejournal
=985  \\$aprint was supplied by London agent - now only available from Switzerland, possibly as print on demand; AD, KF decided better to take for VDEP.
=CAT  \\$a3072$b40$c20090512$lBLL01$h1348
=CAT  \\$a3072$b40$c20090512$lBLL01$h1359
=CAT  \\$a14412$b40$c20160107$lBLL01$h0946
=CAT  \\$aW1711-1225$c20171203$lBLL01$h1033
=CAT  \\$aW1711-1005$c20171206$lBLL01$h1821
=CAT  \\$a6490$b40$c20201116$lBLL01$h1157
=FIN  \\$aY$d20090512
=LET  \0$aWorld disasters report (Online)
=SID  \\$aZ39$bOCLC
=TCO  \\$aCHE$bPRO LITTERIS$c008
=LAS  \\$a6490$b40$c20201116$lBLL01$h1157

