=LDR  02526 as a2200577 i 4500
=001  016450551
=003  Uk
=005  20150514112126.0
=006  m\\\\\|\\d\|\\\\\\
=007  cr\|||||||||||
=008  130711d200u2012enkar\p\o\\\\o0\\\a0eng\\
=FMT  \\$a  SE
=040  \\$aUk$beng$cUk$dUk$erda
=042  \\$aukblsr
=082  04$a361.76320942$223
=110  1\$aGreat Britain.$bCharity Commission.
=245  10$aCharities back on track :$bthemes and lessons from the Charity Commission's compliance work.
=246  1\$iIssues 2010/2011- have subtitle:$aThemes and lessons from the Charity Commission's investigations and regulatory casework
=264  \1$aLiverpool :$bCharity Commission
=300  \\$billustrations (colour)
=310  \\$aAnnual
=336  \\$atext$2rdacontent
=337  \\$acomputer$2rdamedia
=338  \\$aonline resource$2rdacarrier
=362  1\$a-2011/12.
=588  \\$aDescription based on: 2007/2008 issue; title from PDF cover (publisher's Web site, viewed July 22, 2013).
=588  \\$aLatest issue consulted: 2011/12 issue (viewed July 22, 2013).
=610  10$aGreat Britain.$bCharity Commission$vPeriodicals.
=650  \0$aCharities$zEngland$xAdministration$vPeriodicals.
=650  \0$aCharities$zWales$xAdministration$vPeriodicals.
=650  \0$aCharity laws and legislation$zEngland$vPeriodicals.
=650  \0$aCharity laws and legislation$zWales$vPeriodicals.
=690  7\$aSocial Welfare$2blcoll
=776  08$iPrint version:$aGreat Britain. Charity Commission.$tCharities back on track
=785  00$aGreat Britain. Charity Commission.$tTackling abuse and mismanagement
=856  40$uhttp://www.charitycommission.gov.uk/our-regulatory-work/reporting-our-regulatory-work/themes-and-lessons-from-our-regulatory-work/
=859  \\$aELD$bejournal
=CAT  \\$a11433$b40$c20130711$lBLL01$h1558
=CAT  \\$a11433$b40$c20130711$lBLL01$h1602
=CAT  \\$aWR13.114$c20130717$lBLL01$h1315
=CAT  \\$a11316$b40$c20130722$lBLL01$h1423
=CAT  \\$a11316$b40$c20130722$lBLL01$h1550
=CAT  \\$a11316$b40$c20130910$lBLL01$h0958
=CAT  \\$aBATCH-UPD$b40$c20141012$lBLL01$h1448
=CAT  \\$a3072$b40$c20150514$lBLL01$h1121
=CAT  \\$aBATCH-UPD$b40$c20150908$lBLL01$h0747
=CAT  \\$aW1711-1005$c20171206$lBLL01$h1825
=FIN  \\$aY$d20130722
=LET  \0$aCharities back on track (Electronic)
=LKR  \\$aPAR$b016192676$lBLL01$nCharities back on track (Print)$mCharities back on track (Online)$r776
=LAS  \\$aW1711-1005$b00$c20171206$lBLL01$h1825

