=LDR  01930 as a2200541 i 4500
=001  016587400
=003  Uk
=005  20180222154807.0
=006  m\\\\\|\\d\|\\\\\\
=007  cr\|||||||||||
=008  131220c19979999enkwr\p\o\\\\\0\\\a0eng\\
=FMT  \\$a  SE
=015  \\$aGBB400792$2bnb
=022  \\$a1446-5450
=037  \\$aBL_14465450$bPortico$nCambridge University Press
=037  3\$aISSN_14465450$bPortico$nCambridge University Press
=040  \\$aUk$beng$cUk$erda
=042  \\$aissnuk$aukblsr
=082  04$a613.2$223
=222  \0$aArbor clinical nutrition updates$b(English ed.)
=245  00$aArbor clinical nutrition updates.
=246  30$aClinical nutrition updates
=246  13$aACNU
=250  \\$a[English edition].
=264  \1$a[Edgecliff, N.S.W.] :$bArbor Communications,$c[1997]-
=264  31$a[Cambridge] :$bCambridge University Press
=310  \\$aWeekly
=336  \\$atext$2rdacontent
=337  \\$acomputer$2rdamedia
=338  \\$aonline resource$2rdacarrier
=490  0\$aArbor nutrition
=588  \\$aDescription based on: issue 237 (January 2006); title from PDF caption (Cambridge Journals, viewed January 3, 2014).
=588  \\$aLatest issue consulted: issue 329 (January 2011) (viewed January 3, 2014).
=650  \0$aNutrition$vPeriodicals.
=650  \0$aDiet therapy$vPeriodicals.
=856  40$uhttp://journals.cambridge.org/action/displayJournal?jid=ACN
=859  \\$aELD$bejournal
=CAT  \\$a11433$b40$c20131220$lBLL01$h1132
=CAT  \\$a11316$b40$c20140103$lBLL01$h1447
=CAT  \\$a14112$b40$c20140211$lBLL01$h1636
=CAT  \\$aWR14_097$c20140704$lBLL01$h1704
=CAT  \\$a11317$b40$c20140807$lBLL01$h1036
=CAT  \\$aW1711-1005$c20171206$lBLL01$h1826
=CAT  \\$a6811$b40$c20180222$lBLL01$h1548
=FIN  \\$aY$d20140103
=LET  \0$aArbor clinical nutrition updates (Electronic)
=MNI  \\$a1446-5450
=LAS  \\$a6811$b40$c20180222$lBLL01$h1548

