=LDR  01984cas a2200553 i 4500
=001  016872179
=003  Uk
=005  20230411115324.0
=006  m\\\\\\\\d\|\\\\\\
=007  cr||||||||||||
=008  140923c20149999enkmr\p\o\\\\\0\\\a0eng\\
=FMT  \\$a  SE
=015  \\$aGBB9B4363$2bnb
=022  0\$a2056-9769$202
=040  \\$aUk$beng$cUk$dUk$erda
=042  \\$aissnuk$aukblsr
=082  04$a332.450285$223
=222  \0$aFX algo news$b(Online)
=245  00$aFX algo news.
=246  13$aFXalgonews
=246  13$aFX-algo news
=264  \1$aBath :$bASP Media Ltd,$c2014-
=300  \\$bllustrations (colour)
=310  \\$aMonthly
=336  \\$atext$2rdacontent
=337  \\$acomputer$2rdamedia
=338  \\$aonline resource$2rdacarrier
=362  0\$aIssue 1 (September 2014)-
=500  \\$aTitle from PDF caption.
=588  \\$aLatest issue consulted: issue 14 (May 2019)
=650  \0$aForeign exchange$vPeriodicals.
=650  \0$aForeign exchange market$xData processing$vPeriodicals.
=650  \0$aAlgorithms$vPeriodicals.
=776  08$iAlso issued in print as:$tFX algo news$x2056-9750
=787  0\$tAlgorithmic FX trading handbook$x2752-5872
=856  40$uhttp://www.fxalgonews.com/
=859  \\$aELD$bejournal
=985  \\$aDO NO ADD ANY ISSUES HERE UNLESS PRINT IS CLOSED; Online issues sent 7/6/19 - I assumed to fill a gap as print is still SV & issues 1-10 claimed; update - print record was closed when this one was sent, but re-opened 20/6/19. So, keep adding to print.
=CAT  \\$a11313$b40$c20140923$lBLL01$h0801
=CAT  \\$a8124$b40$c20141008$lBLL01$h1003
=CAT  \\$a8124$b40$c20141009$lBLL01$h1413
=CAT  \\$aBATCH-UPD$b40$c20190607$lBLL01$h1703
=CAT  \\$a3072$b40$c20190626$lBLL01$h1450
=CAT  \\$a3072$b40$c20190626$lBLL01$h1554
=CAT  \\$a11205$b40$c20230411$lBLL01$h1153
=FIN  \\$aY$d20140923
=LET  \0$aFX algo news (Electronic)
=MNI  \\$a2056-9769
=LAS  \\$a11205$b40$c20230411$lBLL01$h1153

