=LDR  01947aas a2200493 i 4500
=001  016895947
=003  Uk
=005  20211207090220.0
=006  m\\\\\\\\d\|\\\\\\
=007  cr||||||||||||
=008  141017c20149999enk\x\p\o\\\\\0\\\a0eng\\
=FMT  \\$a  SE
=015  \\$aGBC1K3122$2bnb
=022  0\$a2057-0562$202
=040  \\$aUk$beng$cUk$dUk$erda
=042  \\$aissnuk$aukblsr
=082  04$a610.71$223
=222  \0$aMetric journal
=245  00$aMetric journal.
=246  3\$aMedical education training research in clinical care journal
=264  \1$a[Hull] :$b[Hull and East Yorkshire Hospitals NHS Trust]
=310  \\$aIrregular
=336  \\$atext$2rdacontent
=337  \\$acomputer$2rdamedia
=338  \\$aonline resource$2rdacarrier
=362  0\$aVolume 1, issue 1 (October 2014)-
=500  \\$aIncludes supplementary issues comprising poster presentations from HEATconferences at Hull University.
=500  \\$aTitle from journal home page (metricjournal.co.uk, viewed December 7, 2021).
=588  \\$aLatest issue consulted: HEAT presentations 2020 (viewed December 7, 2021).
=650  \0$aMedicine$xStudy and teaching$vPeriodicals.
=650  \0$aMedicine$xPractice$vPeriodicals.
=650  \0$aPatients$xSafety measures$vPeriodicals.
=650  \0$aMedical care$xQuality control$vPeriodicals.
=710  2\$aHull & East Yorkshire Hospitals NHS Trust,$eissuing body.
=856  40$uhttps://www.metricjournal.co.uk/index.php/METRIC/index
=856  4\$uhttp://www.hey.nhs.uk/hils/the-metric-journal.htm
=859  \\$aELD$bejournal
=985  \\$aISSN description based on: volume 1, issue 1 (October 2014), viewed on Hull Institute of Learning and Simulation website, October 17, 2014.
=CAT  \\$a11315$b40$c20141017$lBLL01$h1525
=CAT  \\$a8124$b40$c20211207$lBLL01$h0902
=FIN  \\$aY$d20141017
=LET  \0$aMetric journal (Electronic)
=MNI  \\$a2057-0562
=LAS  \\$a8124$b40$c20211207$lBLL01$h0902

