=LDR  01511 as a22004217i 4500
=001  017013639
=003  Uk
=005  20190710130713.0
=006  m\\\\\\\\d\|\\\\\\
=007  cr||||||||||||
=008  150115c20149999enk\x\m\o\\\\\0\\\a0eng\\
=FMT  \\$a  SE
=022  0\$a2057-7494$202
=040  \\$aUk$beng$cUk$erda
=042  \\$aissnuk
=082  04$a370.72$223
=222  \0$aLearning analytics review
=245  00$aLearning analytics review.
=264  \1$aBolton :$bUniversity of Bolton
=336  \\$atext$2rdacontent
=337  \\$acomputer$2rdamedia
=338  \\$aonline resource$2rdacarrier
=500  \\$aTitle from journal hompage (publisher's website, viewed July 2, 2019).
=588  \\$aLatest issue consulted: 7, published in 2016 (viewed July 2, 2019).
=710  2\$aUniversity of Bolton,$eissuing body.
=710  2\$aLearning Analytics Community Exchange,$eissuing body.
=856  4\$uhttp://www.laceproject.eu/learning-analytics-review/
=859  \\$aELD$bejournal
=985  \\$aISSN description based on: Review 1, 10 December 2014, viewed on journal website January 15, 2015.
=CAT  \\$a11315$b40$c20150115$lBLL01$h0904
=CAT  \\$a8483$b40$c20190702$lBLL01$h1036
=CAT  \\$a8483$b40$c20190702$lBLL01$h1037
=CAT  \\$a8483$b40$c20190702$lBLL01$h1039
=CAT  \\$a8124$b40$c20190702$lBLL01$h1456
=CAT  \\$a11315$b40$c20190710$lBLL01$h1307
=FIN  \\$aY$d20150115
=LET  \0$aLearning analytics review (Electronic)
=LAS  \\$a11315$b40$c20190710$lBLL01$h1307

