=LDR  01980aas a2200517 i 4500
=001  017359886
=003  Uk
=005  20210224144410.0
=006  m\\\\\\\\d\|\\\\\\
=007  cr||||||||||||
=008  150515c20159999bm\ar\m\o\\\\\0\\\a0eng\\
=FMT  \\$a  SE
=022  0\$a2059-0709$202
=040  \\$aUk$beng$cUk$dUk$erda
=042  \\$aissnuk$aukblsr
=082  04$a378.0097299$223
=222  \0$aVoices in education$b(Online)
=245  00$aVoices in education.
=264  \1$aPaget :$bBermuda College,$c2015-
=310  \\$aAnnual
=336  \\$atext$2rdacontent
=337  \\$acomputer$2rdamedia
=338  \\$aonline resource$2rdacarrier
=362  0\$aVolume 1 (June 2015)-
=550  \\$aJournal of Bermuda College.
=588  \\$aDescription based on: Volume 1 (June 2015) ; title from PDF of cover (Bermuda College Web site, viewed September 17, 2015).
=588  \\$aLatest issue consulted: volume 4 (August 2018) (viewed November 5, 2019).
=650  \0$aEducation$xResearch$vPeriodicals.
=650  \0$aEducation, Higher$zBermuda Islands$vPeriodicals.
=650  \0$aEducation$vPeriodicals.
=650  \0$aEducation, Higher$vPeriodicals.
=710  2\$aBermuda College,$eissuing body.
=776  08$iAlso issued in print as:$tVoices in education$x2059-0695
=856  4\$uhttp://www.college.bm/bcjournal
=859  \\$aELD$bejournal
=985  \\$aUnsure whether qualifies for e-legal deposit - print record has been fully catalogued but has no items. Definition of "distribution" unclear for online; catalogued as non-bnb as compromise.
=CAT  \\$a7152$b40$c20150515$lBLL01$h1200
=CAT  \\$a7152$b40$c20150515$lBLL01$h1204
=CAT  \\$a8124$b40$c20150917$lBLL01$h0911
=CAT  \\$a3072$b40$c20191105$lBLL01$h1224
=CAT  \\$a3072$b40$c20191105$lBLL01$h1227
=CAT  \\$a3072$b40$c20210224$lBLL01$h1444
=FIN  \\$aY$d20150917
=LET  \0$aVoices in education (Electronic)
=MNI  \\$a2059-0709
=LAS  \\$a3072$b40$c20210224$lBLL01$h1444

