=LDR  02225 as a2200613 a 4500
=001  015323005
=003  Uk
=005  20150205122657.0
=006  m\\\\\o\\d\\\\\\\\
=007  cr\|||||||||||
=008  101123d2010201uenkar\p\o\\\\\0\\\a0eng\c
=010  \\$a2012233650
=015  \\$aGBB404527$2bnb
=016  7\$a2589875-9$2DE-600
=022  0\$a2041-5362$202
=035  \\$a(OCoLC)683120783
=037  \\$aISSN_20415362$bPortico$nCambridge University Press
=040  \\$aHNK$beng$cHNK$dHNK$dHEBIS$dGUA$dOCLCQ$dUk
=042  \\$aissnuk$aukblsr
=050  14$aPE1001
=082  04$a420.7$223
=222  \0$aEnglish profile journal
=245  00$aEnglish profile journal$h[electronic resource].
=246  13$aEPJ
=260  \\$aCambridge :$bCambridge University Press
=310  \\$aAnnual
=336  \\$atext$2rdacontent
=337  \\$acomputer$2rdamedia
=338  \\$aonline resource$2rdacarrier
=362  1\$aBegan with vol. 1, issue 01 (Sep. 2010).
=588  \\$aDescription based on: Vol. 1, issue 01 (Sep. 2010); title from journal home page (Cambridge journals, viewed Nov. 24, 2010).
=588  \\$aLatest issue consulted: Vol. 3 (Aug. 2012) (viewed Sept. 14, 2012).
=650  \0$aEnglish language$vPeriodicals.
=650  \0$aEnglish language$xStudy and teaching$vPeriodicals.
=856  40$uhttp://journals.cambridge.org/action/displayJournal?jid=EPJ
=859  \\$aELD$bejournal
=985  \\$aISSN completion based on journal homepage, viewed 14/03/11, latest issue viewed: Vol. 1, issue 1 (2010).
=CAT  \\$a11316$b40$c20090709$lBLL01$h1008
=CAT  \\$a10806$b40$c20110314$lBLL01$h0849
=CAT  \\$a10983$b40$c20131219$lBLL01$h1138
=CAT  \\$a10983$b40$c20131219$lBLL01$h1149
=CAT  \\$a10806$b40$c20140108$lBLL01$h1045
=CAT  \\$a10806$b40$c20140108$lBLL01$h1058
=CAT  \\$a10806$b40$c20140108$lBLL01$h1101
=CAT  \\$a10806$b40$c20140108$lBLL01$h1213
=CAT  \\$a14112$b40$c20140312$lBLL01$h1125
=CAT  \\$a8201$b40$c20150205$lBLL01$h1226
=CAT  \\$aW1711-1005$c20171206$lBLL01$h1822
=FIN  \\$aY$d20110314
=FMT  \\$a  SE
=LAS  \\$aW1711-1005$b00$c20171206$lBLL01$h1822
=MNI  \\$a2041-5362
=SID  \\$aZ39$bOCLC
=TCO  \\$aCLA$bCLA$c008

