=LDR  02733cas a2200661 a 4500
=001  015486103
=003  Uk
=005  20130815133859.0
=006  m\\\\\\\\d\\\\\\\\
=007  cr\cnu||||||||
=008  060619c20029999enkqr\p\s\\\\\0\\\a0eng\d
=FMT  \\$a  SE
=015  \\$aGBB023469$2bnb
=022  0\$a2043-6513$y02666-853X$202
=035  \\$a(OCoLC)466429251
=040  \\$aLGG$cLGG$dUk
=042  \\$aukblsr$aissnuk
=082  04$a026.61094105$222
=130  0\$aCILIP Health Libraries Group newsletter (Online)
=222  \0$aCILIP Health Libraries Group newsletter$b(Online)
=245  10$aCILIP Health Libraries Group newsletter$h[electronic resource].
=246  3\$aHealth Libraries Group newsletter
=246  1\$iAt head of title on website:$aHLG newsletter
=260  \\$aOxford :$bBlackwell Science,$c2002-
=260  3\$aGreat Britain :$b[CILIP Health Libraries Group],$c2002-
=310  \\$aQuarterly
=336  \\$atext$2rdacontent
=337  \\$acomputer$2rdamedia
=338  \\$aonline resource$2rdacarrier
=362  0\$aVol. 19, no. 2 (June 2002)-
=538  \\$aMode of access: World Wide Web.
=538  \\$aSystem requirements: Adobe Acrobat Reader.
=500  \\$aTitle from PDF caption (publisher's Web site, viewed Feb. 11, 2010).
=500  \\$aLatest issue consulted: Vol. 26, no. 4 (Dec. 2009).
=530  \\$aAlso issued in print format.
=650  \0$aMedical libraries$zGreat Britain$vPeriodicals.
=776  0\$tCILIP Health Libraries Group newsletter
=780  10$tLibrary Association Health Libraries Group newsletter (Online)
=772  0\$aHealth information and libraries journal (Online)$x1471-1842
=710  2\$aChartered Institute of Library and Information Professionals (Great Britain).$bHealth Libraries Group.
=856  40$uhttp://www.cilip.org.uk/get-involved/special-interest-groups/health/Pages/newsletter.aspx
=859  \\$aELD$bejournal
=CAT  \\$a3072$b40$c20100211$lBLL01$h1600
=CAT  \\$a3072$b40$c20100211$lBLL01$h1601
=CAT  \\$a3072$b40$c20100211$lBLL01$h1656
=CAT  \\$a3072$b40$c20100211$lBLL01$h1709
=CAT  \\$a3072$b40$c20100212$lBLL01$h1022
=CAT  \\$a7332$b40$c20100215$lBLL01$h1415
=CAT  \\$a11249$b40$c20100219$lBLL01$h1522
=CAT  \\$a6790$b40$c20130815$lBLL01$h1338
=CAT  \\$aBATCH-859E$c20130918$lBLL01$h0000
=CAT  \\$aW1711-1005$c20171206$lBLL01$h1822
=FIN  \\$aY$d20100211
=LET  \0$aCILIP Health Libraries Group newsletter (Online)
=LKR  \\$aPAR$b015486134$lBLL01$r78010$mCILIP Health Libraries Group newsletter (Online)$nLibrary Association Health Libraries Group newsletter (Online)
=SID  \\$aZ39$bOCLC
=TCO  \\$aCLA$bCLA$c008
=LAS  \\$aW1711-1005$b00$c20171206$lBLL01$h1822

