=LDR  02160 as a2200577 a 4500
=001  015513847
=003  Uk
=005  20210115140024.0
=006  m\\\\\\\\d\|\\\\\\
=007  cr||||||||||||
=008  100320d20082009enkuu\\\s\s\\o0\\\a0eng\\
=015  \\$aGBB041707$2bnb
=040  \\$aUk$beng$cUk$dUk
=042  \\$aukblsr
=082  04$a365.6$222
=245  00$aSafety in custody statistics ...$h[electronic resource].
=260  \\$a[Great Britain] :$bMinistry of Justice,$cFeb. 2010.
=336  \\$atext$2rdacontent
=337  \\$acomputer$2rdamedia
=338  \\$aonline resource$2rdacarrier
=362  0\$a2008/2009.
=490  1\$aStatistical bulletin / Ministry of Justice
=500  \\$aTitle from PDF t.p. (viewed on Mar. 20, 2010).
=516  \\$aAccompanying tables in Excel format.
=538  \\$aMode of access: World Wide Web.
=538  \\$aSystem requirements: Adobe Acrobat Reader.
=650  \0$aPrisoners$zEngland$xDeath$vStatistics$vPeriodicals.
=650  \0$aPrisoners$xSuicidal behavior$zEngland$vStatistics$vPeriodicals.
=650  \0$aPrisoners$zWales$xDeath$vStatistics$vPeriodicals.
=650  \0$aPrisoners$xSuicidal behavior$zWales$vStatistics$vPeriodicals.
=690  7\$aSocial Welfare$2blcoll
=710  1\$aGreat Britain.$bMinistry of Justice.
=785  00$tSafety in custody ... England and Wales
=830  \0$aStatistical bulletin (Great Britain. Ministry of Justice)
=856  40$uhttp://www.justice.gov.uk/publications/safer-custody.htm
=859  \\$aELD$bejournal
=CAT  \\$a7332$b40$c20100320$lBLL01$h1125
=CAT  \\$a7332$b40$c20100320$lBLL01$h1130
=CAT  \\$a3072$b40$c20110726$lBLL01$h1207
=CAT  \\$a3072$b40$c20110726$lBLL01$h1226
=CAT  \\$a8478$b40$c20130816$lBLL01$h1441
=CAT  \\$aBATCH-SWP$c20130824$lBLL01$h0030
=CAT  \\$aBATCH-859E$c20131218$lBLL01$h2226
=CAT  \\$aWR14_072$c20140608$lBLL01$h1427
=CAT  \\$aW1711-1005$c20171206$lBLL01$h1822
=CAT  \\$a6490$b40$c20210115$lBLL01$h1400
=FIN  \\$aY$d20100320
=FMT  \\$a  SE
=LAS  \\$a6490$b40$c20210115$lBLL01$h1400
=LET  \0$aSafety in custody statistics (Online)
=TCO  \\$aCLA$bCLA$c008

