=LDR  01708 as a2200481 a 4500
=001  015646351
=003  Uk
=005  20131004091758.0
=006  m\\\\\\\\d\|\\\\\\
=007  cr||||||||||||
=008  100520d2008201uenkar\\\o\\\\\0\\\a0eng\\
=015  \\$aGBB0A9021$2bnb
=040  \\$aUk$beng$cUk$dUk
=042  \\$aukblsr
=082  04$a613.706042$222
=110  2\$aTravel Actively (Portfolio of Projects)
=245  10$aMonitoring report$h[electronic resource].
=260  \\$aBristol :$bTravel Actively,$c2009-
=310  \\$aAnnual
=336  \\$atext$2rdacontent
=337  \\$acomputer$2rdamedia
=338  \\$aonline resource$2rdacarrier
=362  0\$aYear one (2008)-
=500  \\$aTitle from PDF t.p. (publisher's Web site, viewed Sept . 9, 2010).
=538  \\$aMode of access: World Wide Web.
=538  \\$aSystem requirements: Adobe Acrobat Reader.
=610  20$aTravel Actively (Portfolio of Projects)$vPeriodicals.
=650  \0$aExercise$zEngland$vPeriodicals.
=650  \0$aTravel$xHealth aspects$zEngland$vPeriodicals.
=650  \0$aTransportation$xHealth aspects$zEngland$vPeriodicals.
=710  2\$aActive Travel Consortium.
=856  40$uhttp://www.travelactively.org.uk/pages/reviews-and-reports/?dm_i=419,33VK,8XWVE,9Q63,1
=859  \\$aELD$bejournal
=CAT  \\$a8201E$b40$c20100909$lBLL01$h1210
=CAT  \\$a6790$b40$c20130412$lBLL01$h1026
=CAT  \\$aWR13.114$c20130717$lBLL01$h1314
=CAT  \\$a8201E$b40$c20131004$lBLL01$h0917
=CAT  \\$aW1711-1005$c20171206$lBLL01$h1822
=FIN  \\$aY$d20100909
=FMT  \\$a  SE
=LAS  \\$aW1711-1005$b00$c20171206$lBLL01$h1822
=LET  \0$aTravel Actively monitoring report (electronic)
=TCO  \\$aCLA$bCLA$c008

