=LDR  03027 as a2200673 a 4500
=001  015778368
=003  Uk
=005  20150317114558.0
=006  m\\\\\\\\d\|\\\\\\
=007  cr||||||||||||
=008  110324d200u201uenkar\\\s\\\\o0\\\a0eng\\
=015  \\$aGBB138490$2bnb
=040  \\$aUk$beng$cUk$dUk
=042  \\$aukblsr
=082  04$a353.362880942$222
=110  1\$aGreat Britain.$bHer Majesty's Inspectorate of Constabulary.
=240  10$aReport of Her Majesty's Chief Inspector of Constabulary (Online)
=245  10$aReport of Her Majesty's Chief Inspector of Constabulary$h[electronic resource].
=246  13$aHer Majesty's Inspectorate of Constabulary in ...
=246  13$aAnnual report
=246  1\$iWeb site list title:$aAnnual reports
=260  \\$aLondon :$bTSO
=260  3\$a[London] :$bHMIC
=310  \\$aAnnual
=336  \\$atext$2rdacontent
=337  \\$acomputer$2rdamedia
=338  \\$aonline resource$2rdacarrier
=530  \\$aAlso available in print.
=538  \\$aMode of access: World Wide Web.
=538  \\$aSystem requirements: Adobe Acrobat Reader.
=580  \\$a2007/2008 issued in HMIC's Business plan; and: 2008/2009 issued in HMIC's Strategic business plan.
=588  \\$aDescription based on: 2002/2003 issue; title from PDF cover page (publisher's Web site, viewed Mar. 24, 2011).
=588  \\$aLatest issue consulted: 2009/2010 (viewed Mar. 24, 2011).
=610  10$aGreat Britain.$bHer Majesty's Inspectorate of Constabulary$xEvaluation$vPeriodicals.
=650  \0$aPolice$zEngland$vPeriodicals.
=650  \0$aPolice$zWales$vPeriodicals.
=690  7\$aManagement and Business Studies$2blcoll
=776  1\$aGreat Britain. Her Majesty's Inspectorate of Constabulary.$tReport of Her Majesty's Chief Inspector of Constabulary for the year
=787  0\$aGreat Britain. Her Majesty's Inspectorate of Constabulary.$sBusiness plan (Online)
=787  0\$aGreat Britain. Her Majesty's Inspectorate of Constabulary.$sStrategic business plan
=856  40$uhttp://www.hmic.gov.uk/AboutUs/WhatWeDo/Pages/AnnualReports.aspx
=859  \\$aELD$bejournal
=CAT  \\$a5997$b40$c20110324$lBLL01$h1316
=CAT  \\$a5997$b40$c20110324$lBLL01$h1317
=CAT  \\$a5997$b40$c20110324$lBLL01$h1419
=CAT  \\$a3072$b40$c20120321$lBLL01$h1552
=CAT  \\$a6790$b40$c20131017$lBLL01$h1509
=CAT  \\$aBATCH-MBS$c20131025$lBLL01$h2133
=CAT  \\$aWR14.047$c20140417$lBLL01$h1645
=CAT  \\$a6550$b40$c20150317$lBLL01$h1145
=CAT  \\$aW1711-1005$c20171206$lBLL01$h1823
=FIN  \\$aY$d20110324
=FMT  \\$a  SE
=LAS  \\$aW1711-1005$b00$c20171206$lBLL01$h1823
=LET  \0$aAnnual report (Her Majesty's Inspectorate of Constabulary) (Electronic)
=LKR  \\$aPAR$b008562527$lBLL01$nAnnual report (Online)$mAnnual report (Print)$r776
=LKR  \\$aPAR$b015425199$lBLL01$nStrategic business plan (Online)$mAnnual report (Online)$r787
=LKR  \\$aPAR$b014528008$lBLL01$nBusiness plan (Online)$mAnnual report (Online)$r787
=TCO  \\$aCLA$bCLA$c008

