=LDR  02752 as a2200637 a 4500
=001  015836375
=003  Uk
=005  20210122104541.0
=006  m\\\\\\\\d\|\\\\\\
=007  cr||||||||||||
=008  110628d20082010enkar\\\s\\\\o0\\\a0eng\\
=015  \\$aGBB177333$2bnb
=040  \\$aUk$beng$cUk$dUk
=042  \\$aukblsr
=082  04$a352.35094105$223
=110  1\$aGreat Britain.$bCommittee on Standards in Public Life.
=245  10$aAnnual review and report$h[electronic resource].
=260  \\$aLondon :$bCommittee on Standards in Public Life,$c2010-
=336  \\$atext$2rdacontent
=337  \\$acomputer$2rdamedia
=338  \\$aonline resource$2rdacarrier
=362  0\$a2008/2009-
=362  1\$aCeased with 2009/10 issue.
=500  \\$aTitle from PDF cover (publisher's Web site, viewed June 28, 2011).
=538  \\$aMode of access: World Wide Web.
=538  \\$aSystem requirements: Adobe Acrobat Reader.
=588  \\$aLatest issue consulted: 2008/2009 (viewed June 28, 2011).
=610  10$aGreat Britain.$bCommittee on Standards in Public Life$vPeriodicals.
=650  \0$aPublic administration$xEvaluation$zGreat Britain$vPeriodicals.
=650  \0$aAbuse of administrative power$zGreat Britain$xPrevention$vPeriodicals.
=690  7\$aManagement and Business Studies$2blcoll
=780  00$aGreat Britain. Committee on Standards in Public Life.$tAnnual report of the Committee on Standards in Public Life
=785  00$aGreat Britain. Committee on Standards in Public Life$sAnnual report (2011)
=856  \\$uhttp://www.public-standards.org.uk/OurWork/Annual_Reports.html
=859  \\$aELD$bejournal
=CAT  \\$a3072$b40$c20110628$lBLL01$h1653
=CAT  \\$a3072$b40$c20110628$lBLL01$h1654
=CAT  \\$a3072$b40$c20110628$lBLL01$h1704
=CAT  \\$a8478$b40$c20130903$lBLL01$h1145
=CAT  \\$aBATCH-MBS$c20130906$lBLL01$h2122
=CAT  \\$aWR14.047$c20140417$lBLL01$h1646
=CAT  \\$aWR14_072$c20140608$lBLL01$h1428
=CAT  \\$aBATCH-UPD$b00$c20141012$lBLL01$h1345
=CAT  \\$a3072$b40$c20141208$lBLL01$h1712
=CAT  \\$a3072$b40$c20141208$lBLL01$h1714
=CAT  \\$a3072$b40$c20141208$lBLL01$h1726
=CAT  \\$aBATCH-UPD$b40$c20141209$lBLL01$h0735
=CAT  \\$a3072$b40$c20150310$lBLL01$h1351
=CAT  \\$aW1711-1005$c20171206$lBLL01$h1823
=CAT  \\$a6490$b40$c20210122$lBLL01$h1045
=FIN  \\$aY$d20110628
=FMT  \\$a  SE
=LAS  \\$a6490$b40$c20210122$lBLL01$h1045
=LET  \0$aAnnual review and report - Great Britain. Committee on Standards in Public Life (Electronic)
=LKR  \\$aPAR$b015836374$lBLL01$r78000$mAnnual review and report / Committee on Standards in Public Life$nAnnual report of the Committee on Standards in Public Life
=TCO  \\$aCLA$bCLA$c008

