=LDR  01942 as a2200505 a 4500
=001  015891745
=003  Uk
=005  20200121120125.0
=006  m\\\\\\\\d\|\\\\\\
=007  cr||||||||||||
=008  110914d200u2018enk\r\p\s\\\\\0\\\a0eng\\
=015  \\$aGBB1A9442$2bnb
=040  \\$aUk$beng$cUk
=042  \\$aukblsr
=082  04$a796.3240941$223
=245  00$aNetball news$h[electronic resource] :$byour monthly newsletter from England Netball.
=260  \\$a[S.l.] :$bEngland Netball,$c2011-
=310  \\$aMonthly
=336  \\$atext$2rdacontent
=337  \\$acomputer$2rdamedia
=338  \\$aonline resource$2rdacarrier
=362  0\$aApr. 2011-Sept. 2018.
=500  \\$aTitle from caption (publisher's Web site, viewed Sept. 14, 2011).
=538  \\$aMode of access: World Wide Web.
=588  \\$aLatest issue consulted: Sep. 2011 (viewed Sept. 14, 2011).
=650  \0$aNetball$zEngland$vPeriodicals.
=787  0\$tNetball ZEONSL
=856  4\$uhttp://edition.pagesuite-professional.co.uk/launch.aspx?referral=other&pnum=&refresh=f12M8wE0P0x7&EID=c74dae79-7c64-43bc-9b3b-121239d069e1&skip=true
=859  \\$aELD$bejournal
=985  \\$aConverted to PDF format; uses "turning the pages" technology; on original version users can "turn" pages using computer mouse, and use zoom facilities.
=CAT  \\$a5997$b40$c20110914$lBLL01$h1535
=CAT  \\$a5997$b40$c20110914$lBLL01$h1537
=CAT  \\$aBATCH-TCO$c20120117$lBLL01$h0039
=CAT  \\$a11433$b40$c20130429$lBLL01$h1557
=CAT  \\$aWR13.114$c20130717$lBLL01$h1315
=CAT  \\$aWR14_072$c20140608$lBLL01$h1428
=CAT  \\$a11316$b40$c20140609$lBLL01$h0912
=CAT  \\$aWR15_120$c20150910$lBLL01$h1826
=CAT  \\$aW1711-1005$c20171206$lBLL01$h1823
=CAT  \\$a8483$b40$c20200121$lBLL01$h1201
=FIN  \\$aY$d20110914
=FMT  \\$a  SE
=LAS  \\$a8483$b40$c20200121$lBLL01$h1201
=LET  \0$aNetball news (Electronic)
=TCO  \\$aCLA$bCLA$c008

