=LDR  02545 as a2200613 a 4500
=001  015900591
=003  Uk
=005  20210114093510.0
=006  m\\\\\\\\d\|\\\\\\
=007  cr||||||||||||
=008  110928d20102012enkar\\\s\\\\o0\\\a0eng\\
=015  \\$aGBB1B4261$2bnb
=040  \\$aUk$beng$cUk$dUk
=042  \\$aukblsr
=082  04$a353.440941021$223
=245  00$aAnnual tribunals statistics$h[electronic resource].
=260  \\$a[London] :$bMinistry of Justice,$c2011-2012.
=336  \\$atext$2rdacontent
=337  \\$acomputer$2rdamedia
=338  \\$aonline resource$2rdacarrier
=362  0\$a2010/11 (1 Apr. 2010-31 Mar. 2011) - 2011/12 (1 April 2011 to 31 March 2012).
=500  \\$aEach issue accompanied on Web site by Excel spreadsheet.
=500  \\$aTitle from PDF title page (publisher's Web site, viewed Sept. 28, 2011).
=538  \\$aMode of access: World Wide Web.
=538  \\$aSystem requirements: Adobe Acrobat Reader.
=588  \\$aLatest issue consulted: 2011/12 (1 April 2011 to 31 March 2012) (gov.uk Web site, viewed September 18, 2014).
=650  \0$aAdministrative courts$zGreat Britain$vStatistics$vPeriodicals.
=650  \0$aJustice, Administration of$zGreat Britain$vStatistics$vPeriodicals.
=650  \0$aPerformance standards$zGreat Britain$vStatistics$vPeriodicals.
=690  7\$aManagement and Business Studies$2blcoll
=710  1\$aGreat Britain.$bTribunals Service.
=710  1\$aGreat Britain.$bHer Majesty's Courts and Tribunals Service.
=780  00$tAnnual statistics for the Tribunals Service
=785  04$tQuarterly statistics for the Tribunals Service
=856  4\$uhttp://www.justice.gov.uk/publications/statistics-and-data/tribunals/annual-stats.htm
=859  \\$aELD$bejournal
=CAT  \\$a5997$b40$c20110928$lBLL01$h1114
=CAT  \\$a5997$b40$c20110928$lBLL01$h1116
=CAT  \\$aBATCH-TCO$c20120117$lBLL01$h0040
=CAT  \\$a8871$b40$c20120229$lBLL01$h0839
=CAT  \\$a3072$b40$c20120814$lBLL01$h1353
=CAT  \\$a3072$b40$c20120814$lBLL01$h1357
=CAT  \\$a8311$b40$c20130917$lBLL01$h1108
=CAT  \\$aBATCH-MBS$c20130920$lBLL01$h2125
=CAT  \\$aWR14.047$c20140417$lBLL01$h1646
=CAT  \\$aWR14_072$c20140608$lBLL01$h1428
=CAT  \\$a3072$b40$c20140918$lBLL01$h1558
=CAT  \\$aW1711-1005$c20171206$lBLL01$h1823
=CAT  \\$a6490$b40$c20210114$lBLL01$h0935
=FIN  \\$aY$d20110928
=FMT  \\$a  SE
=LAS  \\$a6490$b40$c20210114$lBLL01$h0935
=LET  \0$aAnnual tribunals statistics (Electronic)
=TCO  \\$aCLA$bCLA$c008

