=LDR  02635 as a2200589 a 4500
=001  015957426
=003  Uk
=005  20171121082147.0
=006  m\\\\\\\\d\|\\\\\\
=007  cr||||||||||||
=008  111027c20109999ie\ar\\\o\\\\o0\\\a0gle\\
=040  \\$aUk$beng$cUk
=042  \\$aukblsr
=082  04$a354.309417$223
=110  1\$aIreland.$bDepartment of the Environment, Community and Local Government.
=245  10$aTuarascáil bhliantúil agus Ráiteas bliantúil aschuir do ...$h[electronic resource] /$cAn Roinn Comhshaoil, Pobail agus Rialtais Áitiúil.
=260  \\$a[Dublin] :$bComhshaoil, Pobail agus Rialtais Áitiúil
=310  \\$aAnnual
=336  \\$atext$2rdacontent
=337  \\$acomputer$2rdamedia
=338  \\$aonline resource$2rdacarrier
=362  0\$a2010-
=500  \\$aTitle from PDF title page (publisher's Web site, viewed Oct. 27, 2011).
=538  \\$aMode of access: World Wide Web.
=538  \\$aSystem requirements: Adobe Acrobat Reader.
=610  10$aIreland.$bDepartment of the Environment, Community and Local Government$vPeriodicals.
=650  \0$aCommunity development$zIreland$vPeriodicals.
=650  \0$aEnvironmental policy$zIreland$vPeriodicals.
=650  \0$aLocal government$zIreland$vPeriodicals.
=690  7\$aManagement and Business Studies$2blcoll
=775  08$iIssued also in English:$aIreland. Department of the Environment, Community and Local Government.$sAnnual report and annual output statement (Online)
=856  40$uhttp://www.environ.ie/ga/Foilsiuchain/StatisticiagusFoilseachainRialta/TurascalachaBliantula-Rannach/
=859  \\$aELD$bejournal
=985  \\$aRecord amended for WR# 13/070
=985  \\$aplease add 240 with (Online) if print equivalent comes in & amend 775 on 015955267.
=CAT  \\$a3072$b40$c20111027$lBLL01$h1430
=CAT  \\$a3072$b40$c20111027$lBLL01$h1442
=CAT  \\$a3072$b40$c20111027$lBLL01$h1456
=CAT  \\$aBATCH-TCO$c20120117$lBLL01$h0039
=CAT  \\$aWR13_070$b00$c20130504$lBLL01$h0335
=CAT  \\$aWR13_070$b00$c20130525$lBLL01$h1415
=CAT  \\$aWR13_070C$c20130611$lBLL01$h1858
=CAT  \\$a9512$b40$c20140116$lBLL01$h1718
=CAT  \\$aBATCH-859E$c20140116$lBLL01$h2142
=CAT  \\$aBATCH-MBS$c20140124$lBLL01$h2135
=CAT  \\$a8871$b40$c20171121$lBLL01$h0821
=CAT  \\$aW1711-1005$c20171206$lBLL01$h1823
=FIN  \\$aY$d20111027
=FMT  \\$a  SE
=LAS  \\$aW1711-1005$b00$c20171206$lBLL01$h1823
=LET  \0$aTuarascáil Bhliantúil agus Ráiteas Bliantúil Aschuir do - Dept. of the Environment, Community and Local Government (Electronic)
=TCO  \\$aIRL$bICLA$c008

