=LDR  02917aas a2200697 i 4500
=001  015975358
=003  Uk
=005  20190618111311.0
=006  m\\\\\\\\d\|\\\\\\
=007  cr||||||||||||
=008  111123d20112017enkqr\p\o\\\\\0\\\a0eng\\
=015  \\$aGBB931165$2bnb
=022  0\$a2049-2405$202
=040  \\$aUk$beng$cUk$dUk$erda
=042  \\$aissnuk$aukblsr
=082  04$a352.745$223
=222  \0$aPan European networks. Science & technology$b(Online)
=245  00$aPan European networks.$pScience & technology.
=246  30$aScience & technology
=246  13$aPEN science & technology
=246  3\$aPan European networks.$pScience and technology
=264  \1$a[Congleton] :$bPan European Networks,$c2011-2017.
=300  \\$a25 volumes :$billustrations (colour), maps (colour)
=310  \\$aQuarterly
=336  \\$atext$2rdacontent
=337  \\$acomputer$2rdamedia
=338  \\$aonline resource$2rdacarrier
=362  0\$aIssue 01 (December 2011)-issue 25 (December 2017).
=500  \\$aTitle from PDF cover (Publisher's Web site, viewed February 13, 2019).
=580  \\$aMerged with: Horizon 2020 Projects. Portal, to form: SciTech Europa quarterly.
=588  \\$aLatest issue consulted: issue 25 (December 2017) (viewed February 13, 2019).
=650  \0$aScience$zEurope$vPeriodicals.
=650  \0$aTechnology$zEurope$vPeriodicals.
=650  \0$aScience and state$zEurope$vPeriodicals.
=650  \0$aTechnology and state$zEurope$vPeriodicals.
=650  \0$aResearch$zEuropean Union countries$vPeriodicals.
=690  7\$aManagement and Business Studies$2blcoll
=776  0\$iPrint version, -April 2017:$tPan European networks. Science & technology$x2049-2391
=785  17$tHorizon 2020 Projects. Portal$x2054-2631
=785  17$tSciTech Europa quarterly$x2516-435X
=856  40$uhttps://www.scitecheuropa.eu/category/publications/scitech-europa-quarterly/
=859  \\$aELD$bejournal
=985  \\$aISSN description based on: Issue 01 (Dec. 2011). Title from pdf, viewed 14.5.12
=CAT  \\$a10806$b40$c20111123$lBLL01$h1047
=CAT  \\$aBATCH-TCO$c20120117$lBLL01$h0039
=CAT  \\$a10973$b40$c20120514$lBLL01$h1120
=CAT  \\$a10806$b40$c20180227$lBLL01$h1058
=CAT  \\$a10806$b40$c20180305$lBLL01$h1019
=CAT  \\$a10806$b40$c20180305$lBLL01$h1021
=CAT  \\$a11315$b40$c20180711$lBLL01$h0944
=CAT  \\$a8124$b40$c20190213$lBLL01$h1454
=CAT  \\$a8124$b40$c20190213$lBLL01$h1511
=CAT  \\$a8124$b40$c20190404$lBLL01$h0810
=CAT  \\$a8124$b40$c20190618$lBLL01$h1113
=FIN  \\$aY$d20120514
=FMT  \\$a  SE
=LAS  \\$a8124$b40$c20190618$lBLL01$h1113
=LET  \0$aPan European networks. Science & technology (Electronic)
=LKR  \\$aPAR$b015975350$lBLL01$r776$mPan European networks. Science & technology (Online)$nPan European networks. Science & technology (Print)
=MNI  \\$a2049-2391
=TCO  \\$aCLA$bCLA$c008

