=LDR  01911 as a2200505 a 4500
=001  016005703
=003  Uk
=005  20140120171542.0
=006  m\\\\\\\\d\|\\\\\\
=007  cr||||||||||||
=008  120111c20119999enkuu\\\o\\\\o0\\\a0eng\\
=FMT  \\$a  SE
=040  \\$aUk$beng$cUk
=042  \\$aukblsr
=082  04$a353.82340942$223
=110  1\$aGreat Britain.$bOffice for Standards in Education (England)
=245  10$aBusiness plan ...$h[electronic resource] /$cOffice for Standards in Education, Children's Services and Skills.
=246  1\$iWeb site list title:$aOfsted business plan
=260  \\$a[London] :$bOfsted,$c2011-
=310  \\$aAnnual
=336  \\$atext$2rdacontent
=337  \\$acomputer$2rdamedia
=338  \\$aonline resource$2rdacarrier
=362  0\$a2011/2015 (Sept. 2010)-
=500  \\$a"This plan is refreshed annually".
=538  \\$aMode of access: World Wide Web.
=538  \\$aSystem requirements: Adobe Acrobat Reader.
=500  \\$aTitle from PDF caption (publisher's Web site, viewed Jan. 11, 2012).
=610  10$aGreat Britain.$bOffice for Standards in Education (England)$xPlanning$vPeriodicals.
=650  \0$aEducation$xStandards$zEngland$vPeriodicals.
=690  7\$aManagement and Business Studies$2blcoll
=859  \\$aELD$bejournal
=856  4\$uhttp://www.ofsted.gov.uk/resources/ofsted-business-plan-2011-2015
=CAT  \\$a5997$b40$c20120111$lBLL01$h0817
=CAT  \\$a5997$b40$c20120111$lBLL01$h0821
=CAT  \\$aBATCH-TCO$c20120117$lBLL01$h0038
=CAT  \\$a6790$b40$c20131213$lBLL01$h1454
=CAT  \\$aBATCH-MBS$c20131220$lBLL01$h2140
=CAT  \\$aBATCH-MBS$c20131227$lBLL01$h2117
=CAT  \\$a14112$b40$c20140120$lBLL01$h1715
=CAT  \\$aW1711-1005$c20171206$lBLL01$h1824
=FIN  \\$aY$d20120111
=LET  \0$aOfsted business plan (Electronic)
=TCO  \\$aCLA$bCLA$c008
=LAS  \\$aW1711-1005$b00$c20171206$lBLL01$h1824

