=LDR  02024 as a2200541 a 4500
=001  016013734
=003  Uk
=005  20140902090522.0
=006  m\\\\\\\\d\|\\\\\\
=007  cr||||||||||||
=008  120124d20112012wlk\x\p\o\\\\\0\\\a0eng\\
=FMT  \\$a  SE
=015  \\$aGBB205915$2bnb
=040  \\$aUk$beng$cUk$dUk
=042  \\$aukblsr
=082  04$a792.0942905$223
=130  0\$aNewsletter (Drama Association of Wales : Online)
=245  10$aNewsletter$h[electronic resource] /$cDrama Association of Wales.
=246  13$aDAW newsletter
=246  3\$aDrama Association of Wales newsletter
=260  \\$aCardiff :$bDAW,$c2011-2012.
=310  \\$aIrregular
=336  \\$atext$2rdacontent
=337  \\$acomputer$2rdamedia
=338  \\$aonline resource$2rdacarrier
=362  0\$aOct. 2011-Dec. 2012.
=538  \\$aMode of access: World Wide Web.
=538  \\$aSystem requirements: Adobe Acrobat Reader.
=530  \\$aAlso issued in print.
=500  \\$aTitle from PDF caption (publisher's Web site, viewed Jan. 24, 2012).
=550  \\$aOn cover: Drama Association of Wales [=] Cymdeithas Ddrama Cymru.
=588  \\$aLatest issue consulted: Nov. 2011 (viewed Jan. 24, 2012).
=610  20$aDrama Association of Wales$vPeriodicals.
=650  \0$aTheater$zWales$vPeriodicals.
=710  2\$aDrama Association of Wales.
=776  1\$tNewsletter (Drama Association of Wales)
=856  40$uhttp://www.dramawales.org.uk/pages/enewsletter/dawnewsletterarchive.html
=859  \\$aELD$bejournal
=CAT  \\$a5997$b40$c20120124$lBLL01$h0805
=CAT  \\$a5997$b40$c20120124$lBLL01$h0810
=CAT  \\$a9512$b40$c20140129$lBLL01$h1644
=CAT  \\$aWR14.047$c20140417$lBLL01$h1646
=CAT  \\$a8201$b40$c20140902$lBLL01$h0905
=CAT  \\$aW1711-1005$c20171206$lBLL01$h1824
=FIN  \\$aY$d20120124
=LET  \0$aNewsletter - Drama Association of Wales (Electronic)
=LKR  \\$aPAR$b015999349$lBLL01$nNewsletter (Print)$mNewsletter (Online)$r776
=LAS  \\$aW1711-1005$b00$c20171206$lBLL01$h1824

