=LDR  01768 as a2200481 a 4500
=001  016021222
=003  Uk
=005  20210111103046.0
=006  m\\\\\\\\d\|\\\\\\
=007  cr||||||||||||
=008  120201c20119999enkar\\\o\\\\o0\\\a0eng\\
=FMT  \\$a  SE
=015  \\$aGBB210655$2bnb
=040  \\$aUk$beng$cUk
=042  \\$aukblsr
=082  04$a363.349360942$223
=245  00$aCatchment flood management plans annual report$h[electronic resource].
=260  \\$aBristol :$bEnvironment Agency,$c[2011]-
=310  \\$aAnnual
=336  \\$atext$2rdacontent
=337  \\$acomputer$2rdamedia
=338  \\$aonline resource$2rdacarrier
=362  0\$a2011-
=538  \\$aMode of access: World Wide Web.
=538  \\$aSystem requirements: Adobe Acrobat Reader.
=580  \\$aIssued also in Welsh: Adroddiad blynyddol cynlluniau rheoli llifogydd dalgylchoedd.
=500  \\$aTitle from PDF caption (publisher's Web site, viewed Feb. 1, 2012).
=650  \0$aFlood control$zEngland$vPeriodicals.
=650  \0$aFlood control$zWales$vPeriodicals.
=710  1\$aGreat Britain.$bEnvironment Agency.
=775  1\$tAdroddiad blynyddol cynlluniau rheoli llifogydd dalgylchoedd
=856  4\$uhttp://www.environment-agency.gov.uk/research/planning/33586.aspx
=859  \\$aELD$bejournal
=CAT  \\$a5997$b40$c20120201$lBLL01$h1340
=CAT  \\$a8201E$b40$c20120223$lBLL01$h1445
=CAT  \\$a11433$b40$c20130604$lBLL01$h1322
=CAT  \\$aWR13.114$c20130717$lBLL01$h1315
=CAT  \\$aWR14_072$c20140608$lBLL01$h1429
=CAT  \\$aW1711-1005$c20171206$lBLL01$h1824
=CAT  \\$a6490$b40$c20210111$lBLL01$h1030
=FIN  \\$aY$d20120201
=LET  \0$aCatchment flood management plans annual report (Electronic)
=LAS  \\$a6490$b40$c20210111$lBLL01$h1030

