=LDR  02648 as a2200649 a 4500
=001  016028018
=003  Uk
=005  20210111095528.0
=006  m\\\\\\\\d\|\\\\\\
=007  cr||||||||||||
=008  120209d20092011wlkar\\\o\s\\\0\\\a0eng\\
=FMT  \\$a  SE
=015  \\$aGBB213471$2bnb
=040  \\$aUk$beng$cUk$dUk
=042  \\$aukblsr
=082  04$a362.709429021$223
=245  04$aThe youth service in Wales.$pInitial headline results$h[electronic resource].
=246  1\$iWeb site list title:$aYouth service.$pHeadline results
=260  \\$aCardiff :$bStatistical Directorate, Welsh Assembly Government,$c2010-2011.
=260  3\$aCardiff :$bKnowledge and Analytical Services, Welsh Government
=310  \\$aAnnual
=336  \\$atext$2rdacontent
=337  \\$acomputer$2rdamedia
=338  \\$aonline resource$2rdacarrier
=362  0\$a2009/10 (SDR 178/2010)-2010/11 (SDR 201/2011).
=490  1\$aFirst release =$aDatganiad Cyntaf
=500  \\$aIncludes revisions of some issues.
=538  \\$aMode of access: World Wide Web.
=538  \\$aSystem requirements: Adobe Acrobat Reader.
=550  \\$aAt head of title: Ystadegau ar gyfer Cymru = Statistics for Wales.
=500  \\$aTitle from PDF caption (publisher's Web site, viewed Feb. 9, 2012).
=588  \\$aLatest issue consulted: 2010/11 (SDR 201/2011) (viewed Feb. 9, 2012).
=650  \0$aYouth$xServices for$zWales$vStatistics$vPeriodicals.
=690  7\$aSocial Welfare$2blcoll
=710  1\$aWales.$bStatistical Directorate.
=787  0\$tYouth service in Wales
=859  \\$aELD$bejournal
=830  \0$aFirst release (Wales. Welsh Assembly Government)
=830  \0$3May 2011-$aFirst release (Wales. Welsh Government)
=856  40$uhttp://wales.gov.uk/topics/statistics/headlines/youth2010/?lang=en
=856  40$uhttp://data.gov.uk/dataset/youth_service_in_wales-0
=CAT  \\$a8201E$b40$c20120209$lBLL01$h0926
=CAT  \\$a8201E$b40$c20120209$lBLL01$h0928
=CAT  \\$a8201E$b40$c20120209$lBLL01$h0939
=CAT  \\$a8201$b40$c20120419$lBLL01$h1214
=CAT  \\$a8311$b40$c20140328$lBLL01$h0934
=CAT  \\$a8311$b40$c20140328$lBLL01$h0954
=CAT  \\$aBATCH-SWP$c20140404$lBLL01$h2305
=CAT  \\$a8201$b40$c20140520$lBLL01$h0905
=CAT  \\$a3072$b40$c20150413$lBLL01$h1020
=CAT  \\$a3072$b40$c20150413$lBLL01$h1027
=CAT  \\$a3072$b40$c20150416$lBLL01$h1424
=CAT  \\$aW1711-1005$c20171206$lBLL01$h1824
=CAT  \\$a6490$b40$c20210111$lBLL01$h0955
=FIN  \\$aY$d20120209
=LET  \0$aYouth service in Wales - Initial headline results - First release (electronic)
=LAS  \\$a6490$b40$c20210111$lBLL01$h0955

