=LDR  03838cas a2200925 a 4500
=001  016032733
=003  Uk
=005  20221231145123.0
=006  m\\\\\\\\d\|\\\\\\
=007  cr||||||||||||
=008  120217d19902020enkqr\p\o\\\\\0\\\a0eng\\
=FMT  \\$a  SE
=015  \\$aGBB401077$2bnb
=022  0\$a2049-7776$202
=037  \\$aISSN_10350772$bPortico$nCambridge University Press
=040  \\$aUk$beng$cUk$dUk
=042  \\$aissnuk$aukblsr
=082  04$a362.70994$223
=130  0\$aChildren Australia (Online)
=222  \0$aChildren Australia$b(Online)
=245  10$aChildren Australia$h[electronic resource].
=260  \\$aNotting Hill, Vic. :$bNational Children's Bureau of Australia,$c1990-2020.
=260  3\$aCambridge :$bCambridge University Press
=310  \\$aQuarterly
=336  \\$atext$2rdacontent
=337  \\$acomputer$2rdamedia
=338  \\$aonline resource$2rdacarrier
=362  1\$aPrint began in 1990.
=362  0\$a-volume 45, issue 4 (December 2020).
=588  \\$aDescription based on: Vol. 36, issue 1 (1 Apr. 2011); title from journal information screen (Cambridge Journals, viewed Jan. 9, 2012).
=588  \\$aLatest issue consulted: volume 45, issue 4 (December 2020) (viewed October 25, 2022).
=540  \\$aCurrent Copyright Fee: GBP25.00$c0$5Uk
=650  \0$aChild welfare$zAustralia$vPeriodicals.
=650  \0$aChildren$xServices for$zAustralia$vPeriodicals.
=650  \0$aFamily social work$zAustralia$vPeriodicals.
=690  7\$aSocial Welfare$2blcoll
=776  0\$tChildren Australia$x1035-0772
=859  \\$aELD$bejournal
=856  40$uhttp://journals.cambridge.org/action/displayJournal?jid=CHA
=945  \\$aChildren Australia.
=979  \\$aBritish Library$bDSC$j3172.962100N
=985  \\$aEjournals project 2012.
=CAT  \\$a10806$b40$c20120217$lBLL01$h1025
=CAT  \\$a8483$b40$c20130109$lBLL01$h1410
=CAT  \\$aBATCH-SWP$c20130209$lBLL01$h0021
=CAT  \\$a14112$b40$c20131212$lBLL01$h1740
=CAT  \\$a14112$b40$c20131212$lBLL01$h1741
=CAT  \\$a11316$b40$c20140107$lBLL01$h1014
=CAT  \\$a14112$b40$c20140312$lBLL01$h1145
=CAT  \\$aBLDSS-3PM$b00$c20141208$lBLL01$h1628
=CAT  \\$aBATCH-UPD$b00$c20160413$lBLL01$h1826
=CAT  \\$a5552$b40$c20160601$lBLL01$h1128
=CAT  \\$aIPL-CLA$c20160630$lBLL01$h1606
=CAT  \\$a5552$b40$c20161216$lBLL01$h1317
=CAT  \\$aW1711-1005$c20171206$lBLL01$h1824
=CAT  \\$aW1902-1304$c20190314$lBLL01$h1241
=CAT  \\$aBATCH-UPD$b00$c20190314$lBLL01$h1619
=CAT  \\$aIPL-CLA$c20190331$lBLL01$h1731
=CAT  \\$aDEL-3PM$c20190409$lBLL01$h0907
=CAT  \\$aBATCH-CLA$b00$c20191219$lBLL01$h1757
=CAT  \\$aIPL-CLA$c20191231$lBLL01$h2030
=CAT  \\$aR2001-1524$c20200127$lBLL01$h2055
=CAT  \\$aBATCH-CLA$b00$c20201204$lBLL01$h1608
=CAT  \\$aIPL-CLA$c20201231$lBLL01$h1532
=CAT  \\$a8124$b40$c20221025$lBLL01$h1235
=CAT  \\$a8124$b40$c20221025$lBLL01$h1237
=CAT  \\$aBATCH-CLA$b00$c20221221$lBLL01$h1924
=CAT  \\$aIPL-CLA$c20221231$lBLL01$h1451
=CFI  0\$aCurrent Copyright Fee: GBP25.00$c0$e01-jan-2023$fGBP25.00$g0$hA$5Uk
=CFI  2\$aPrevious Copyright Fee: GBP22.50$c0$e01-jan-2021$fGBP22.50$g0$hA$5Uk
=FIN  \\$aY$d20120621
=LET  \0$aChildren Australia (Electronic)
=LKR  \\$aPAR$b005432565$lBLL01$r776$mChildren Australia (Online)$nChildren Australia
=MNI  \\$a1035-0772
=TOC  \\$aETOC
=ACF  \\$aPrevious copyright fee: GBP20.00$c43\0$e02-aug-2012$fGBP20.00$g0$hP$5Uk
=ACF  \\$aPrevious copyright fee: GBP25.00$c43\0$e01-jul-2016$fGBP25.00$g0$hP$5Uk
=ACF  \\$aPrevious Copyright Fee: GBP17.50$c0$e01-apr-2019$fGBP17.50$g0$hA$5Uk
=ACF  \\$aPrevious Copyright Fee: GBP20.00$c0$e01-jan-2020$fGBP20.00$g0$hA$5Uk
=LAS  \\$aIPL-CLA$b00$c20221231$lBLL01$h1451

