=LDR  02631 as a2200553 a 4500
=001  016036237
=003  Uk
=005  20150312143845.0
=006  m\\\\\\\\d\|\\\\\\
=007  cr||||||||||||
=008  120222d200u20uuenk\r\p\o\\\\\0\\\a0eng\\
=FMT  \\$a  SE
=015  \\$aGBB218834$2bnb
=040  \\$aUk$beng$cUk$dUk
=042  \\$aukblsr
=082  04$a331.1144509429021$223
=245  00$aDestinations of leavers from higher education in Wales.$pLongitudinal survey (... cohort)$h[electronic resource].
=246  1\$iMinor title change:$aDestinations of leavers from higher education institutions.$pLongitudinal survey (... cohort)$f2006/07-
=246  1\$iWeb site list title:$aDestinations of leavers from Higher Education Longitudinal Survey, Wales
=260  \\$aCardiff :$bStatistical Directorate, Welsh Assembly Government
=260  3\$aCardiff :$bKnowledge and Analytical Services, Welsh Government
=310  \\$aAnnual
=336  \\$atext$2rdacontent
=337  \\$acomputer$2rdamedia
=338  \\$aonline resource$2rdacarrier
=490  1\$aStatistical bulletin =$aBwletin ystadegol
=538  \\$aMode of access: World Wide Web.
=538  \\$aSystem requirements: Adobe Acrobat Reader.
=588  \\$aDescription based on: 2004/05 issue (SB 81/2009); title from PDF caption (data.gov.uk Web site, viewed Feb. 22, 2012).
=588  \\$aLatest issue consulted: 2006/07 (SB 117/2011) (viewed Feb. 22, 2012).
=650  \0$aUniversities and colleges$zGreat Britain$vStatistics$vPeriodicals.
=650  \0$aCollege graduates$xEmployment$zGreat Britain$vStatistics$vPeriodicals.
=690  7\$aManagement and Business Studies$2blcoll
=710  1\$aWales.$bStatistical Directorate.
=710  1\$aWales.$bKnowledge and Analytical Services.
=830  \0$aStatistical bulletin (Wales. Welsh Assembly Government)
=830  \0$3May 2011-$aStatistical bulletin (Wales. Welsh Government)
=856  40$uhttp://wales.gov.uk/statistics-and-research/destination-leavers-higher-education/?lang=en#/statistics-and-research/destination-leavers-higher-education/?tab=previous&lang=en
=859  \\$aELD$bejournal
=CAT  \\$a5997$b40$c20120222$lBLL01$h0839
=CAT  \\$a8201$b40$c20120426$lBLL01$h1041
=CAT  \\$a9512$b40$c20140306$lBLL01$h1218
=CAT  \\$aBATCH-MBS$c20140314$lBLL01$h2132
=CAT  \\$a8411$b40$c20141003$lBLL01$h1407
=CAT  \\$a6550$b40$c20150312$lBLL01$h1438
=CAT  \\$aW1711-1005$c20171206$lBLL01$h1824
=FIN  \\$aY$d20120222
=LET  \0$aDestinations of leavers from higher education longitudinal survey, Wales (Electronic)
=LAS  \\$aW1711-1005$b00$c20171206$lBLL01$h1824

