=LDR  02407aas a2200625 i 4500
=001  016064350
=003  Uk
=005  20210527123136.0
=006  m\\\\\\\\d\|\\\\\\
=007  cr||||||||||||
=008  120405d20112018enkqr\p\o\\\\\0\\\a0eng\\
=FMT  \\$a  SE
=015  \\$aGBC178703$2bnb
=022  0\$a2050-0890$202
=040  \\$aUk$beng$cUk$dUk$erda
=042  \\$aissnuk$aukblsr
=082  04$a005.74$223
=130  0\$aDatacentre solutions (UK edition)
=222  \0$aDatacentre solutions$b(UK ed. Online)
=245  10$aDatacentre solutions :$bDCS UK.
=246  3\$aData centre solutions
=246  13$aDCS UK
=250  \\$a[UK edition].
=264  \1$aWatford :$bAngel Business Communications,$c2011-2018.
=300  \\$billustrations (colour)
=310  \\$aQuarterly
=336  \\$atext$2rdacontent
=337  \\$acomputer$2rdamedia
=338  \\$aonline resource$2rdacarrier
=362  1\$aPrint began with October/November 2011.
=362  0\$a-September 2018.
=580  \\$aMerged with: Datacentre solutions (DACH edition) and Datacentre solutions (Europe edition), to form: Datacentre solutions (2020).
=588  \\$aDescription based on: Print version record.
=588  \\$aLatest issue consulted: September 2018 (publisher's website, viewed May 24, 2021).
=650  \0$aInformation storage and retrieval systems$vPeriodicals.
=650  \0$aInformation resources management$vPeriodicals.
=650  \0$aData libraries$vPeriodicals.
=776  08$iAlso issued in print as:$tDatacentre solutions (UK edition)$x2050-0882
=780  00$tSNS UK$c(Online)$x2041-1375
=785  17$tDatacentre solutions (Europe edition)$x2050-1358
=785  17$tDatacentre solutions (DACH edition)$x2050-232X
=785  17$tDatacentre solutions (2020)$x2756-1143
=856  40$uhttps://datacentre.solutions/magazines
=859  \\$aELD$bejournal
=985  \\$aWFH record (CS) 2021
=CAT  \\$a10806$b40$c20120405$lBLL01$h1133
=CAT  \\$a10806$b40$c20120405$lBLL01$h1143
=CAT  \\$a10806$b40$c20120418$lBLL01$h1051
=CAT  \\$a8124$b40$c20210525$lBLL01$h1526
=CAT  \\$a8124$b40$c20210527$lBLL01$h1231
=FIN  \\$aY$d20120405
=LET  \0$aDatacentre solutions (UK edition) (Electronic)
=LKR  \\$aPAR$b016069404$lBLL01$r78517$mDatacentre solutions (UK edition)$nDatacentre solutions (Europe edition)
=MNI  \\$a2050-0882
=LAS  \\$a8124$b40$c20210527$lBLL01$h1231

