=LDR  02516aas a2200637 i 4500
=001  016069404
=003  Uk
=005  20210527123544.0
=006  m\\\\\\\\d\|\\\\\\
=007  cr||||||||||||
=008  120418c20129999enkuu\p\o\\\\\0\\\a0eng\\
=FMT  \\$a  SE
=015  \\$aGBC178704$2bnb
=022  0\$a2050-1358$202
=040  \\$aUk$beng$cUk$erda
=042  \\$aissnuk$aukblsr
=082  04$a005.74$223
=130  0\$aDatacentre solutions (Europe edition)
=222  \0$aDatacentre solutions$b(Europe ed. Online)
=245  10$aDatacentre solutions :$bDCS Europe.
=246  3\$aData centre solutions
=246  13$aDCS Europe
=260  \\$aWatford :$bAngel Business Communications
=336  \\$atext$2rdacontent
=337  \\$acomputer$2rdamedia
=338  \\$aonline resource$2rdacarrier
=362  0\$a-September 2018.
=588  \\$aDescription based on: Print version record.
=580  \\$aMerged with: Datacentre solutions (DACH edition) and Datacentre solutions (UK edition), to form: Datacentre solutions (2020).
=588  \\$aLatest issue consulted: September 2018 (publisher's website, viewed May 24, 2021).
=650  \0$aInformation storage and retrieval systems$vPeriodicals.
=650  \0$aInformation resources management$vPeriodicals.
=650  \0$aData libraries$vPeriodicals.
=776  08$iAlso issued in print as:$tDatacentre solutions (Europe edition)$x2050-134X
=780  00$tData centre solutions$x2041-1391
=785  17$tDatacentre solutions (UK edition)$x2050-0890
=785  17$tDatacentre solutions (DACH edition)$x2050-232X
=785  17$tDatacentre solutions (2020)$x2756-1143
=856  40$uhttps://datacentre.solutions/magazines
=859  \\$aELD$bejournal
=985  \\$aWFH record (CS) 2021
=CAT  \\$a10806$b40$c20120418$lBLL01$h1038
=CAT  \\$a10806$b40$c20120418$lBLL01$h1051
=CAT  \\$a8124$b40$c20210525$lBLL01$h1541
=CAT  \\$a8124$b40$c20210525$lBLL01$h1557
=CAT  \\$a8124$b40$c20210525$lBLL01$h1558
=CAT  \\$a8124$b40$c20210525$lBLL01$h1606
=CAT  \\$a8124$b40$c20210525$lBLL01$h1642
=CAT  \\$a8124$b40$c20210525$lBLL01$h1646
=CAT  \\$a8124$b40$c20210527$lBLL01$h1234
=CAT  \\$a8124$b40$c20210527$lBLL01$h1235
=FIN  \\$aY$d20120418
=LET  \0$aDatacentre solutions (Europe edition) (Electronic)
=LKR  \\$aPAR$b016069375$lBLL01$nDatacentre solutions (Europe edition. Print)$mDatacentre solutions (Europe edition. Online)$r776
=MNI  \\$a2050-134X
=LAS  \\$a8124$b40$c20210527$lBLL01$h1235

