=LDR  01954 as a2200541 a 4500
=001  016070994
=003  Uk
=005  20200707121229.0
=006  m\\\\\\\\d\|\\\\\\
=007  cr||||||||||||
=008  120423d20112011enkar\\\s\\\\\0\\\a0eng\\
=FMT  \\$a  SE
=022  0\$a2050-1609$202
=040  \\$aUk$beng$cUk$erda
=042  \\$aissnuk$aukblsr
=082  04$a363.883091724$223
=222  \0$aField exchange digest$b(Online)
=245  00$aField exchange digest$h[electronic resource].
=246  3\$aFEX digest
=260  \\$aOxford :$bENN
=336  \\$atext$2rdacontent
=337  \\$acomputer$2rdamedia
=338  \\$aonline resource$2rdacarrier
=362  0\$aIssue 1 (May 2011).
=500  \\$aTitle from PDF cover (ENN Web site, viewed May 13, 2020).
=650  \0$aFood relief$zDeveloping countries$vPeriodicals.
=650  \0$aMalnutrition$zDeveloping countries$vPeriodicals.
=710  2\$aEmergency Nutrition Network.
=776  08$iAlso issued in print as:$tField exchange digest$x2050-1595
=775  0\$tField exchange digest$b[French ed.] Online$x2050-1625
=775  0\$tField exchange digest$b[Arabic ed.] Online$x2050-1641
=785  00$tNutrition exchange$x2050-3733
=787  0\$tField exchange$x1743-5080
=856  40$uhttp://www.ennonline.net/digest
=856  40$uhttps://www.ennonline.net/nex/issues
=859  \\$aELD$bejournal
=CAT  \\$a10806$b40$c20120423$lBLL01$h0849
=CAT  \\$a10806$b40$c20120423$lBLL01$h1017
=CAT  \\$a10806$b40$c20120423$lBLL01$h1018
=CAT  \\$a8323$b40$c20120511$lBLL01$h1401
=CAT  \\$a5997$b40$c20120924$lBLL01$h1510
=CAT  \\$a8483$b40$c20200707$lBLL01$h1128
=CAT  \\$a8483$b40$c20200707$lBLL01$h1132
=CAT  \\$a8483$b40$c20200707$lBLL01$h1212
=FIN  \\$aY$d20120423
=LET  \0$aField exchange digest (Electronic)
=LKR  \\$aPAR$b008528809$lBLL01$r787$mField exchange digest (Online)$nField exchange
=LAS  \\$a8483$b40$c20200707$lBLL01$h1212

