=LDR  02186 as a2200589 i 4500
=001  016090003
=003  Uk
=005  20200707114454.0
=006  m\\\\\\\\d\|\\\\\\
=007  cr||||||||||||
=008  120522c20129999enkar\p\o\\\\\0\\\a0eng\\
=FMT  \\$a  SE
=015  \\$aGBC081041$2bnb
=022  0\$a2050-3733$202
=040  \\$aUk$beng$cUk$erda
=042  \\$aissnuk$aukblsr
=082  04$a363.883091724$223
=222  \0$aNutrition exchange$b(Online)
=245  00$aNutrition exchange.
=246  3\$aNEX
=260  \\$aKidlington, Oxfordshire :$bENN
=300  \\$billustrations (colour)
=310  \\$aSemiannual
=336  \\$atext$2rdacontent
=337  \\$acomputer$2rdamedia
=338  \\$aonline resource$2rdacarrier
=362  0\$aIssue 2 (May 2012)-
=500  \\$aTitle from PDF cover (ENN Web site, viewed May 13, 2020).
=546  \\$aAlso issued in Arabic and French language editions.
=588  \\$aLatest issue consulted: issue 13 (March 2020), viewed May 13, 2020.
=650  \0$aFood relief$zDeveloping countries$vPeriodicals.
=650  \0$aMalnutrition$zDeveloping countries$vPeriodicals.
=710  2\$aEmergency Nutrition Network,$eissuing body.
=775  0\$tNutrition exchange$bArabic edition$x2050-3776
=775  0\$tNutrition exchange$bFrench edition$x2050-375X
=776  08$iAlso issued in print as:$tNutrition exchange$x2050-3725
=780  00$tField exchange digest$x2050-1609
=787  0\$tField exchange$x1743-5080
=856  40$uhttps://www.ennonline.net/nex
=859  \\$aELD$bejournal
=985  \\$aWFH record completion (ED).
=CAT  \\$a10806$b40$c20120522$lBLL01$h1105
=CAT  \\$a5997$b40$c20120924$lBLL01$h1510
=CAT  \\$a8483$b40$c20200707$lBLL01$h1122
=CAT  \\$a8483$b40$c20200707$lBLL01$h1134
=CAT  \\$a8483$b40$c20200707$lBLL01$h1143
=CAT  \\$a8483$b40$c20200707$lBLL01$h1144
=FIN  \\$aY$d20120924
=LET  \0$aNutrition exchange (Electronic)
=LKR  \\$aPAR$b016089997$lBLL01$r776$mNutrition exchange (Online)$nNutrition exchange (Print)
=LKR  \\$aPAR$b016070994$lBLL01$r78000$mNutrition exchange (Online)$nField exchange digest (Online)
=LAS  \\$a8483$b40$c20200707$lBLL01$h1144

