=LDR  02297 as a2200541 a 4500
=001  016183867
=003  Uk
=005  20160323142557.0
=006  m\\\\\\\\d\\\\\\\\
=007  cr\|||||||||||
=008  121004d20032015enkqr\p\o\\\\\0\\\a0eng\\
=FMT  \\$a  SE
=022  0\$a2059-9765$202
=040  \\$aUk$beng$cUk
=042  \\$aukblsr$aissnuk
=082  04$a612.8$223
=222  \4$aThe British Psychological Society, Division of Neuropsychology$b(Online)
=245  04$aThe British Psychological Society, Division of Neuropsychology$h[electronic resource].
=246  17$aDivision of Neuropsychology newsletter
=260  \\$a[Great Britain] :$bBritish Psychological Society,$c[2003]-[2015]
=336  \\$atext$2rdacontent
=337  \\$acomputer$2rdamedia
=338  \\$aonline resource$2rdacarrier
=362  1\$aPrint began with: Vol. 2, no. 2 (Nov. 2003).
=362  1\$aCeased with volume 14, number 1 (spring 2015).
=500  \\$aDescription based on: Vol. 5, no. 3 (Sept. 2006).
=538  \\$aMode of access: World Wide Web.
=538  \\$aSystem requirements: Adobe Acrobat Reader.
=588  \\$aDescription based on: Vol. 11, no. 1 (spring 2012); title from PDF caption (email, sent 20/06/2012).
=650  \0$aNeuropsychology$xGreat Britain$vPeriodicals.
=710  2\$aBritish Psychological Society.$bDivision of Neuropsychology.
=776  08$iPrint version, 2003-2011:$tBritish Psychological Society, Division of Neuropsychology$x2059-9722
=780  00$tDoN newsletter
=785  00$tNeuropsychologist$x2396-8559
=856  40$uhttp://shop.bps.org.uk/publications/publication-by-series/division-of-neuropsychology-newsletter.html
=856  4\$uhttp://www.bpsshop.org.uk/Neuropsychology-C26.aspx
=859  \\$aELD$bejournal
=CAT  \\$a11316$b40$c20121004$lBLL01$h1455
=CAT  \\$a8478$b40$c20130903$lBLL01$h1429
=CAT  \\$aWR14.047$c20140417$lBLL01$h1646
=CAT  \\$aWR14_072$c20140608$lBLL01$h1431
=CAT  \\$aWR15_120$c20150910$lBLL01$h1827
=CAT  \\$a10973$b40$c20150925$lBLL01$h1048
=CAT  \\$a3072$b40$c20160323$lBLL01$h1425
=CAT  \\$aW1711-1005$c20171206$lBLL01$h1824
=FIN  \\$aY$d20121004
=LET  \4$aThe British Psychological Society, Division of Neuropsychology (Electronic)
=LAS  \\$aW1711-1005$b00$c20171206$lBLL01$h1824

