=LDR  01927aas a2200505 i 4500
=001  016203469
=003  Uk
=005  20210224153202.0
=006  m\\\\\\\\d\|\\\\\\
=007  cr||||||||||||
=008  121102d20122016enkqr\p\o\\\\\0\\\a0eng\\
=FMT  \\$a  SE
=015  \\$aGBC131431$2bnb
=022  0\$a2051-6266$202
=040  \\$aUk$beng$cUk$dUk$erda
=042  \\$aissnuk$aukblsr
=082  04$a362.1094105$223
=222  \0$aWorking papers in the health sciences
=245  00$aWorking papers in the health sciences.
=246  13$aWPHS
=246  13$aWorking papers in health sciences
=264  \1$aSouthampton :$bFaculty of Health Sciences, University of Southampton,$c2012-2016.
=310  \\$aQuarterly
=336  \\$atext$2rdacontent
=337  \\$acomputer$2rdamedia
=338  \\$aonline resource$2rdacarrier
=362  0\$aAutumn edition 2012 - Spring 2016 edition.
=500  \\$aTitle from PDF article caption (publisher's Web site, viewed February 24, 2021).
=588  \\$aLatest issue consulted: Spring 2016 edition (viewed February 24, 2021).
=650  \0$aMedical care$zGreat Britain$vPeriodicals.
=650  \0$aMedical sciences$vPeriodicals.
=650  \0$aMedical education$vPeriodicals.
=710  2\$aUniversity of Southampton.$bFaculty of Health Sciences,$eissuing body.
=856  40$uhttp://www.southampton.ac.uk/wphs/index.page?
=859  \\$aELD$bejournal
=985  \\$aISSN description based on: autumn 2012 issue ; title from journal homepage (viewed April 18, 2013).
=CAT  \\$a11315$b40$c20121102$lBLL01$h1526
=CAT  \\$a10973$b40$c20130418$lBLL01$h1346
=CAT  \\$a10973$b40$c20130418$lBLL01$h1353
=CAT  \\$a8871$b40$c20130501$lBLL01$h1133
=CAT  \\$a3072$b40$c20210224$lBLL01$h1530
=CAT  \\$a3072$b40$c20210224$lBLL01$h1532
=FIN  \\$aY$d20130418
=LET  \0$aWorking papers in the health sciences (Electronic)
=LAS  \\$a3072$b40$c20210224$lBLL01$h1532

