=LDR  04089cas a2200913 a 4500
=001  016222377
=003  Uk
=005  20221231145139.0
=007  cr\|||||||||||
=008  121203d19952021enkfr\p\o\\\\\0\\\a0eng\\
=FMT  \\$a  SE
=015  \\$aGBB400868$2bnb
=022  0\$a1838-6059$202
=037  \\$aBL_13238922$bPortico$nCambridge University Press
=037  3\$aISSN_13238922_30$bPortico$nCambridge University Press
=040  \\$aUk$beng$cUk
=042  \\$aukblsr$aissnuk
=082  04$a362.40486$223
=130  0\$aAustralian journal of rehabilitation counselling (Online)
=222  \0$aAustralian journal of rehabilitation counselling$b(Online)
=245  10$aAustralian journal of rehabilitation counselling$h[electronic resource].
=260  \\$aBowen, Qld. :$bAustralian Academic Press,$c[1995]-2021.
=260  3\$32012-$aCambridge :$bCambridge University Press
=310  \\$aSemi-annual
=336  \\$atext$2rdacontent
=337  \\$acomputer$2rdamedia
=338  \\$aonline resource$2rdacarrier
=362  1\$aPrint began in 1995.
=362  0\$a-volume 27, issue 2 (December 2021).
=550  \\$a"Published for the Australian Society of Rehabilitation Counsellors".
=588  \\$aDescription based on print version record.
=588  \\$aLatest issue consulted: volume 27, issue 2 (December 2021)(Cambridge Journals, viewed October 18, 2022).
=540  \\$aCurrent Copyright Fee: GBP25.00$c0$5Uk
=650  \0$aRehabilitation$vPeriodicals.
=650  \0$aPeople with disabilities$xRehabilitation$vPeriodicals.
=650  \0$aCounseling$vPeriodicals.
=690  7\$aSocial Welfare$2blcoll
=710  2\$aAustralian Society of Rehabilitation Counsellors.
=776  08$iPrint version:$tAustralian journal of rehabilitation counselling$x1323-8922
=859  \\$aELD$bejournal
=856  40$uhttp://journals.cambridge.org/action/displayJournal?jid=JRC
=985  \\$aEjournals project 2012.
=985  \\$aISSN responsibility transferred from the Australian ISSN Centre to the ISSN UK Centre, September 11, 2019.
=CAT  \\$a8483$b40$c20121203$lBLL01$h0935
=CAT  \\$a8478$b40$c20131212$lBLL01$h0943
=CAT  \\$a8478$b40$c20131212$lBLL01$h0945
=CAT  \\$a8478$b40$c20131212$lBLL01$h0947
=CAT  \\$a14112$b40$c20131219$lBLL01$h1616
=CAT  \\$a11316$b40$c20140106$lBLL01$h1213
=CAT  \\$a14112$b40$c20140211$lBLL01$h1641
=CAT  \\$aWR14_097$c20140704$lBLL01$h1704
=CAT  \\$a5552$b40$c20160603$lBLL01$h0743
=CAT  \\$aBLDSS-3PM$b00$c20160607$lBLL01$h1621
=CAT  \\$aBATCH-UPD$b00$c20160607$lBLL01$h1622
=CAT  \\$aW1711-1005$c20171206$lBLL01$h1825
=CAT  \\$a6811$b40$c20180222$lBLL01$h1625
=CAT  \\$aW1902-1304$c20190314$lBLL01$h1241
=CAT  \\$aBATCH-UPD$b00$c20190314$lBLL01$h1619
=CAT  \\$aIPL-CLA$c20190331$lBLL01$h1731
=CAT  \\$aDEL-3PM$c20190409$lBLL01$h0907
=CAT  \\$a11205$b40$c20190911$lBLL01$h1111
=CAT  \\$aBATCH-CLA$b00$c20191219$lBLL01$h1759
=CAT  \\$aIPL-CLA$c20191231$lBLL01$h2033
=CAT  \\$aR2001-1524$c20200127$lBLL01$h2058
=CAT  \\$aBATCH-CLA$b00$c20201204$lBLL01$h1609
=CAT  \\$aIPL-CLA$c20201231$lBLL01$h1532
=CAT  \\$a8124$b40$c20221018$lBLL01$h1550
=CAT  \\$aBATCH-CLA$b00$c20221221$lBLL01$h1926
=CAT  \\$aIPL-CLA$c20221231$lBLL01$h1451
=CFI  0\$aCurrent Copyright Fee: GBP25.00$c0$e01-jan-2023$fGBP25.00$g0$hA$5Uk
=CFI  2\$aPrevious Copyright Fee: GBP22.50$c0$e01-jan-2021$fGBP22.50$g0$hA$5Uk
=FIN  \\$aY$d20121203
=LKR  \\$aPAR$b005418604$lBLL01$r776$mAustralian journal of rehabilitation counselling (Online)$nThe Australian journal of rehabilitation counselling (Print)
=MNI  \\$a1323-8922
=ACF  \\$aPrevious Copyright Fee: GBP30.00$c0$e01-apr-2013$fGBP30.00$g0$hC$5Uk
=ACF  \\$aPrevious copyright fee: GBP30.00$c43\0$e03-jun-2016$fGBP30.00$g0$hP$5Uk
=ACF  \\$aPrevious Copyright Fee: GBP17.50$c0$e01-apr-2019$fGBP17.50$g0$hA$5Uk
=ACF  \\$aPrevious Copyright Fee: GBP20.00$c0$e01-jan-2020$fGBP20.00$g0$hA$5Uk
=LAS  \\$aIPL-CLA$b00$c20221231$lBLL01$h1451

