=LDR  01292aas a2200409 i 4500
=001  016512060
=003  Uk
=005  20200701143955.0
=006  m\\\\\\\\d\|\\\\\\
=007  cr||||||||||||
=008  131004d20122014enkqr\p\o\\\\\0\\\a0eng\\
=FMT  \\$a  SE
=022  0\$a2053-8995$202
=040  \\$aUk$beng$cUk$erda
=042  \\$aissnuk$aukblsr
=082  04$a799.1748305$223
=222  \0$aCarpaholixx
=245  00$aCarpaholixx.
=264  \1$aLittlehampton :$b3D Angling Ltd,$c2012-2014.
=300  \\$billustrations (colour)
=310  \\$aQuarterly
=336  \\$atext$2rdacontent
=337  \\$acomputer$2rdamedia
=338  \\$aonline resource$2rdacarrier
=362  0\$aIssue 1-issue 9.
=500  \\$aTitle from PDF cover (ISSUU.com, viewed July 1, 2020).
=588  \\$aLatest issue consulted: issue 9 (viewed July 1, 2020).
=650  \0$aCarp fishing$vPeriodicals.
=856  4\$uhttp://carpaholixx.com/
=859  \\$aELD$bejournal
=985  \\$aISSN description based on: Febrary 2012 issue, viewed on website, October 4, 2013.
=985  \\$aCatalogued via VPN, July 2020
=CAT  \\$a11315$b40$c20131004$lBLL01$h1516
=CAT  \\$a8124$b40$c20200701$lBLL01$h1439
=FIN  \\$aY$d20131004
=LET  \0$aCarpaholixx (Electronic)
=LAS  \\$a8124$b40$c20200701$lBLL01$h1439

