=LDR  02171 as a2200517 i 4500
=001  016634708
=003  Uk
=005  20201124093333.0
=006  m\\\\\\\\d\|\\\\\\
=007  cr||||||||||||
=008  140224c20139999enkmr\p\o\\\\\0\\\a0eng\\
=FMT  \\$a  SE
=015  \\$aGBC0I2949$2bnb
=022  0\$a2055-1223$202
=040  \\$aUk$beng$cUk$erda
=042  \\$aissnuk$aukblsr
=082  04$a368.09$223
=210  0\$aInt. travel health insur. j.$b(Online)
=222  \0$aInternational travel & health insurance journal$b(Online)
=245  00$aInternational travel & health insurance journal :$bITIJ.
=246  3\$aITIJ
=264  \1$aBristol :$bVoyageur Publishing & Events Ltd
=310  \\$aMonthly
=336  \\$atext$2rdacontent
=337  \\$acomputer$2rdamedia
=338  \\$aonline resource$2rdacarrier
=362  1\$aPrint began with issue 154 (November 2013).
=580  \\$aOriginal print version preceded by earlier title: International travel insurance journal.
=588  \\$aDescription based on: issue 158 (March 2014); title from PDF cover (publisher's Web site, viewed November 24, 2020).
=588  \\$aLatest issue consulted: issue 238 (November 2020), viewed November 24, 2020.
=650  \0$aHealth insurance$vPeriodicals.
=650  \0$aTravel agents' liability insurance$vPeriodicals.
=776  08$iAlso issued in print as:$tInternational travel & health insurance journal$x2055-1215
=787  0\$tInternational hospitals & healthcare review$x2515-799X
=856  40$uhttps://www.itij.com/magazine
=859  \\$aELD$bejournal
=985  \\$aISSN description based on: issue 154 (November 2013).
=CAT  \\$a10806$b40$c20140224$lBLL01$h1338
=CAT  \\$a10806$b40$c20140224$lBLL01$h1341
=CAT  \\$a11205$b40$c20180105$lBLL01$h1140
=CAT  \\$a8483$b40$c20201124$lBLL01$h0930
=CAT  \\$a8483$b40$c20201124$lBLL01$h0933
=FIN  \\$aY$d20140224
=LET  \0$aInternational travel & health insurance journal (Electronic)
=LKR  \\$aPAR$b016634640$lBLL01$r776$mInternational travel & health insurance journal (Online)$nInternational travel & health insurance journal (Print)
=LAS  \\$a8483$b40$c20201124$lBLL01$h0933

