=LDR  02427cas a2200565 i 4500
=001  016696566
=003  Uk
=005  20211110094327.0
=006  m\\\\\\\\d\|\\\\\\
=007  cr||||||||||||
=008  140428c20049999xxkqr\p\o\\\\\0\\\a0eng\\
=FMT  \\$a  SE
=015  \\$aGBC1H8624$2bnb
=022  0\$a2055-5466$202
=040  \\$aUk$beng$cUk$dUk$erda
=042  \\$aissnuk$aukblsr
=082  04$a712.0941$223
=130  0\$aLandscape (London, England : 2004)
=222  \0$aLandscape$b(London. 2004. Online)
=245  10$aLandscape :$bthe journal of the Landscape Institute.
=260  \\$aLondon :$bWardour Communications
=264  21$a[Birkenhead] :$bDarkhorse Design on behalf of the Landscape Institute
=264  21$aBirkenhead, Wirral, Merseyside :$bDarkhorse Design and Advertising Ltd
=264  31$a[Great Britain] :$bDarkhorse Design Ltd
=300  \\$billustrations (black and white, and colour); maps (colour)
=310  \\$aQuarterly,$bspring 2009-
=321  \\$aMonthly, except Jan.,$b-Mar. 2009
=336  \\$atext$2rdacontent
=337  \\$acomputer$2rdamedia
=338  \\$aonline resource$2rdacarrier
=362  1\$aBegan with issue 1 (Jan. 2004).
=500  \\$aIssues also have thematic titles.
=515  \\$aContinuous issue numbering dropped after Issue 35 (Dec. 2006); then numbered within each year.
=588  \\$aDescription based on print version record.
=588  \\$aLatest issue consulted: 2021, issue 4.
=650  \0$aLandscape architecture$zGreat Britain$vPeriodicals.
=710  2\$aLandscape Institute.
=776  08$iAlso issued in print as:$sLandscape (London, England : 2004)$x1742-2914
=856  40$uhttp://www.landscapethejournal.org/index.php
=859  \\$aELD$bejournal
=985  \\$aISSN description based on: Spring 2014; viewed April 28 2014; Nov 2021 - DO NOT SET UP ADMIN YET; this record was set up before noticing that the print record 012916493 was still SV & up to date with receipts; wait & see whether issue 1 2022 is received in print - this record might not be needed just yet - GC.
=CAT  \\$a11313$b40$c20140428$lBLL01$h1436
=CAT  \\$a11313$b40$c20140814$lBLL01$h0844
=CAT  \\$a11316$b40$c20140815$lBLL01$h1219
=CAT  \\$a3072$b40$c20211101$lBLL01$h1706
=CAT  \\$a3072$b40$c20211110$lBLL01$h0943
=FIN  \\$aY$d20140428
=LET  \0$aLandscape (Electronic)
=MNI  \\$a1742-2914
=LAS  \\$a3072$b40$c20211110$lBLL01$h0943

