=LDR  02552aas a22005777i 4500
=001  016773372
=003  Uk
=005  20190523085244.0
=006  m\\\\\\\\d\|\\\\\\
=007  cr||||||||||||
=008  140708c20149999enk\x\p\o\\\\\0\\\a0eng\\
=FMT  \\$a  SE
=022  0\$a2056-4864$202
=040  \\$aUk$beng$cUk$dUk$erda
=041  0\$aeng$apor$aspa
=042  \\$aissnuk
=082  04$a363.61098$223
=222  \0$aWATERLAT-GOBACIT Network working papers$b(Online)
=245  00$aWATERLAT-GOBACIT Network working papers.
=246  31$iSome issues also have Spanish parallel title:$aCuadernos de trabajo de la red WATERLAT-GOBACIT
=246  31$iSome issues also have Portuguese parallel title:$aCadernos de trabalho da rede WATERLAT-GOBACIT
=246  13$aWATERLAT-GOBACIT working papers
=264  \1$aNewcastle upon Tyne :$bWATERLAT-GOBACIT Research Network
=310  \\$aIrregular
=336  \\$atext$2rdacontent
=337  \\$acomputer$2rdamedia
=338  \\$aonline resource$2rdacarrier
=500  \\$aTitle from PDF cover (Publisher's Web site, viewed May 22, 2019).
=588  \\$aLatest issue consulted: volume 3, number 8 (December 2016) (viewed May 22, 2019).
=710  2\$aWATERLAT-GOBACIT (Organization),$eissuing body.
=776  08$iAlso issued in print as:$tWATERLAT-GOBACIT Network working papers$x2056-4856
=780  00$tWATERLAT Network working papers$x2053-7417
=856  40$uhttp://waterlat.org/publications/working-papers-series/
=859  \\$aELD$bejournal
=985  \\$aISSN description based on: Vol. 1, no. 1 (Sept. 2014); pdf viewed October 8 2014.
=985  \\$aMONO IN SERIES. ISSN RECORD ONLY DO NOT ACCESSION ISSUES HERE - CATALOGUE AS MONOS
=CAT  \\$a11313$b40$c20140708$lBLL01$h0844
=CAT  \\$a8871$b40$c20140708$lBLL01$h1159
=CAT  \\$a11313$b40$c20141008$lBLL01$h1133
=CAT  \\$a11313$b40$c20141008$lBLL01$h1135
=CAT  \\$a8323$b40$c20160209$lBLL01$h1200
=CAT  \\$a8124$b40$c20190522$lBLL01$h1509
=CAT  \\$a8124$b40$c20190522$lBLL01$h1525
=CAT  \\$a8124$b40$c20190522$lBLL01$h1526
=CAT  \\$a8124$b40$c20190523$lBLL01$h0852
=FIN  \\$aY$d20141008
=LET  \0$aWATERLAT-GOBACIT Network working papers (Electronic)
=LKR  \\$aPAR$b016491656$lBLL01$r78000$mWATERLAT-GOBACIT Network working papers (Online)$nWATERLAT Network working papers
=LKR  \\$aPAR$b016773369$lBLL01$nWATERLAT-GOBACIT Network working papers (Print)$mWATERLAT-GOBACIT Network working papers (Online)$r77608
=MNI  \\$a2056-4856
=LAS  \\$a8124$b40$c20190523$lBLL01$h0852

