=LDR  02062aas a2200589 i 4500
=001  014502354
=003  Uk
=005  20200729154436.0
=006  m\\\\\\\\d\|\\\\\\
=007  cr||||||||||||
=008  080124d20082020enkmr\p\s\\\\\0\\\a0eng\\
=FMT  \\$a  SE
=015  \\$aGBC086056$2bnb
=022  0\$a1756-7858$202
=040  \\$aUk$beng$cUk$dUk$erda
=042  \\$aissnuk$aukblsr
=082  04$a368.0122$223
=222  \0$aTrading risk$b(Online)
=245  00$aTrading risk.
=264  \1$aLondon :$bInsider Publishing
=264  31$aLondon :$bTrading Risk
=300  \\$billustrations (colour)
=310  \\$aMonthly
=336  \\$atext$2rdacontent
=337  \\$acomputer$2rdamedia
=338  \\$aonline resource$2rdacarrier
=362  1\$aPrint began with issue no. 1 (Jan./Feb. 2008).
=362  0\$a-issue number 129 (01 2020).
=588  \\$aDescription based on: Prnt version record.
=588  \\$aLatest issue consulted: issue number 129 (January 2020) (publisher's website, viewed July 15, 2020).
=650  \0$aReinsurance$vPeriodicals.
=690  7\$aManagement and Business Studies$2blcoll
=776  08$iAlso issued in print as:$tTrading risk$x1756-784X
=785  00$tTrading risk. Weekly briefing$x2634-9086
=787  0\$tTrading risk. Investor guide,$g2017
=787  0\$tTrading risk. ILS investor guide,$g2018-
=787  0\$tTrading risk ... roundtable
=856  40$uhttp://www.insuranceinsider.com/pages/tradingrisk/
=859  \\$aELD$bejournal
=985  \\$aCatalogued via VPN, July 2020
=CAT  \\$a11313$b40$c20080124$lBLL01$h1347
=CAT  \\$a8124$b40$c20200715$lBLL01$h1525
=CAT  \\$a8124$b40$c20200715$lBLL01$h1547
=CAT  \\$a8124$b40$c20200715$lBLL01$h1642
=CAT  \\$a8124$b40$c20200715$lBLL01$h1701
=CAT  \\$a8124$b40$c20200729$lBLL01$h1544
=FIN  \\$aY$d20080124
=LET  \0$aTrading risk (Electronic)
=LKR  \\$aPAR$b014502331$lBLL01$r776$mTrading risk (Online)$nTrading risk (Print)
=MNI  \\$a1756-784X
=TCO  \\$aCLA$bCLA$c008
=LAS  \\$a8124$b40$c20200729$lBLL01$h1544

