=LDR  02850cas a2200685 a 4500
=001  014655039
=003  Uk
=005  20130607144442.0
=006  m\\\\\\\\d\|\\\\\\
=007  cr||||||||||||
=008  080630c20089999enktr\p\s\\\\\0\\\a0eng\\
=FMT  \\$a  SE
=015  \\$aGBB100142$2bnb
=022  0\$a1758-213X$202
=040  \\$aUk$beng$cUk$dUk
=042  \\$aissnuk$aukblsr
=082  04$a300.94105$222
=130  0\$aSociety now (Online)
=222  \0$aSociety now$b(Online)
=245  10$aSociety now$h[electronic resource] :$bESRC research making an impact /$cEconomic & Social Research Council.
=260  \\$aSwindon :$bESRC,$c2008-
=310  \\$aThree issues yearly
=336  \\$atext$2rdacontent
=337  \\$acomputer$2rdamedia
=338  \\$aonline resource$2rdacarrier
=362  0\$aIssue 1 (summer 2008)-
=538  \\$aMode of access: World Wide Web.
=538  \\$aSystem requirements: Adobe Acrobat Reader.
=530  \\$aAlso issued in print; issue 7 (summer 2010)-issue 10 (summer 2011) issued online only?
=580  \\$aPrint publication was a merger of: Edge (Swindon, England), and: Social sciences (Swindon, England).
=588  \\$aDescription based on print record.
=588  \\$aLatest issue consulted: Issue 8 (autumn 2010) (publisher's Web site, viewed Dec. 20, 2010).
=650  \0$aSocial sciences$xResearch$vPeriodicals.
=650  \0$aSocial sciences$zGreat Britain$vPeriodicals.
=710  2\$aEconomic and Social Research Council (Great Britain)
=776  1\$tSociety now$x1758-2121
=780  05$tEdge$c(Swindon. Online)$x1753-2191
=856  40$uhttp://www.esrcsocietytoday.ac.uk/esrcinfocentre/about/CI/CP/societynow/
=859  \\$aELD$bejournal
=985  \\$aIssued as both PDF and "Turning the pages" on Website.
=985  \\$aISSN record had 780.05 for edge, and not sure whether there was an online version of Social sciences, so left at 780.05.
=CAT  \\$a6537$b40$c20080630$lBLL01$h1118
=CAT  \\$a8124$b40$c20080723$lBLL01$h0810
=CAT  \\$aBATCH$b00$c20081124$lBLL01$h1135
=CAT  \\$a3072$b40$c20101220$lBLL01$h1509
=CAT  \\$a3072$b40$c20101220$lBLL01$h1510
=CAT  \\$a3072$b40$c20101220$lBLL01$h1600
=CAT  \\$a8871$b40$c20111222$lBLL01$h1604
=CAT  \\$a10902$b40$c20121109$lBLL01$h0927
=CAT  \\$a6790$b40$c20130607$lBLL01$h1444
=CAT  \\$aWR13.114$c20130717$lBLL01$h1314
=CAT  \\$aWR14_072$c20140608$lBLL01$h1426
=CAT  \\$aWR15_120$c20150910$lBLL01$h1825
=CAT  \\$aW1711-1005$c20171205$lBLL01$h2211
=FIN  \\$aY$d20080723
=LET  \0$aSociety now (Electronic pdf)
=LKR  \\$aPAR$b014655040$lBLL01$r776$mSociety now (Online)$nSociety now (Print)
=LKR  \\$aPAR$b013615564$lBLL01$r78001$mSociety now (Online)$nThe edge (Online)
=TCO  \\$aCLA$bCLA$c008
=LAS  \\$aW1711-1005$b00$c20171205$lBLL01$h2211

