=LDR  01822cas a2200433 i 4500
=001  020680084
=003  Uk
=005  20220721142051.0
=006  m\\\\\|\\d\|\\\\\\
=007  cr\|||||||||||
=008  220714c20uu9999nikar\\\o\s\\o0\\\a0eng\\
=FMT  \\$a  SE
=015  \\$aGBC2C4979$2bnb
=040  \\$aUk$beng$cUk$erda
=042  \\$aukblsr
=082  04$a303.6909416$223
=110  1\$aNorthern Ireland.$bOffice of the First Minister and Deputy First Minister.$bStatistics and Research Branch,$eauthor.
=245  10$aGood relations indicators /$cOFMDFM Statistics and Research Branch.
=264  \1$a[Belfast] :$bOffice of the First Minister and Deputy First Minister
=300  \\$billustrations (colour)
=310  \\$aAnnual
=336  \\$atext$2rdacontent
=337  \\$acomputer$2rdamedia
=338  \\$aonline resource$2rdacarrier
=588  \\$aDescription based on: 2015 update ; title from PDF cover (publisher's website, viewed July 14, 2022).
=588  \\$aLatest issue consulted: 2019 (viewed July 14, 2022).
=650  \0$aReconciliation$zNorthern Ireland$vStatistics$vPeriodicals.
=650  \0$aSocial conflict$zNorthern Ireland$vStatistics$vPeriodicals.
=650  \0$aPeace-building$zNorthern Ireland$vStatistics$vPeriodicals.
=650  \0$aSocial integration$zNorthern Ireland$vStatistics$vPeriodicals.
=710  2\$aNorthern Ireland Statistics & Research Agency,$eissuing body.
=856  40$uhttps://www.executiveoffice-ni.gov.uk/topics/statistics-and-research/good-relations
=859  \\$aELD$bejournal
=985  \\$aWFH record (CS) 2022
=CAT  \\$a8124$b40$c20220714$lBLL01$h1213
=CAT  \\$a8124$b40$c20220721$lBLL01$h1420
=FIN  \\$aY$d20220714
=LET  \0$aGood relations indicators - OFMDFM Statistics and Research Branch (Electronic)
=LAS  \\$a8124$b40$c20220721$lBLL01$h1420

