=LDR  01698cas a2200409 i 4500
=001  020681764
=003  Uk
=005  20220812114735.0
=007  cr\|||||||||||
=008  220719d20uu2019nikhr\\\\\\\\o0\\\a0eng\\
=FMT  \\$a  SE
=040  \\$aUk$beng$cUk$erda
=042  \\$aukblsr
=082  04$a354.709416$223
=110  1\$aNorthern Ireland.$bStrategic Investment Board,$eauthor.
=245  10$aCorporate plan ... and business plan ... /$cThe Strategic Investment Board.
=264  \1$a[Belfast] :$b[Strategic Investment Board]
=310  \\$aEvery three years
=336  \\$atext$2rdacontent
=337  \\$acomputer$2rdamedia
=338  \\$aonline resource$2rdacarrier
=362  0\$a-2018/2021 and 2018/2019.
=588  \\$aDescription based on: Corporate plan 2015/2018 and business plan 2015/2018 (NIOPA website, viewed July 19, 2022).
=588  \\$aLatest issue consulted: Corporate plan 2018/2021 and business plan 2018/2019 (SIB website, viewed July 19, 2022).
=610  10$aNorthern Ireland.$bStrategic Investment Board$vPeriodicals.
=610  10$aNorthern Ireland.$bStrategic Investment Board$xPlanning$vPeriodicals.
=785  00$aNorthern Ireland. Strategic Investment Board.$tBusiness plan
=856  4\$uhttps://sibni.org/media_category/corporate-plans/
=859  \\$aELD$bejournal
=CAT  \\$a8483$b40$c20220719$lBLL01$h0921
=CAT  \\$a8483$b40$c20220719$lBLL01$h0932
=CAT  \\$a8483$b40$c20220719$lBLL01$h0933
=CAT  \\$a8483$b40$c20220719$lBLL01$h0954
=CAT  \\$a8871$b40$c20220812$lBLL01$h1147
=FIN  \\$aY$d20220719
=LET  \0$aStrategic Investment Board Limited corporate plan and business plan (Electronic)
=LAS  \\$a8871$b40$c20220812$lBLL01$h1147

