=LDR  02005cas a2200481 i 4500
=001  020685690
=003  Uk
=005  20220802144747.0
=006  m\\\\\|\\d\|\\\\\\
=007  cr\|||||||||||
=008  220720d200u2015nikar\\\o\\\\o0\\\a0eng\\
=FMT  \\$a  SE
=015  \\$aGBC2C8888$2bnb
=040  \\$aUk$beng$cUk$erda
=042  \\$aukblsr
=082  04$a342.4160853$223
=245  00$aFreedom of Information Act 2000 annual report ... :$ba summary of the ... year of the Freedom of Information Act in Northern Ireland.
=264  \1$a[Belfast] :$bOffice of the First Minister and Deputy First Minister,$c-2015.
=264  31$32015 :$a[Belfast] :$bExecutive Office
=300  \\$billustrations (colour)
=310  \\$aAnnual
=336  \\$atext$2rdacontent
=337  \\$acomputer$2rdamedia
=338  \\$aonline resource$2rdacarrier
=362  0\$a-2015.
=588  \\$aDescription based on: 2012 ; title from PDF cover (executiveoffice-ni.gov.uk, viewed July 20, 2022).
=588  \\$aLatest issue consulted: 2015 (viewed July 20, 2022).
=610  10$aGreat Britain.$tFreedom of Information Act 2000$vPeriodicals.
=650  \0$aInformation audits$zNorthern Ireland$vPeriodicals.
=650  \0$aGovernment information$zNorthern Ireland$vStatistics$vPeriodicals.
=710  1\$3-<2013>:$aNorthern Ireland.$bOffice of the First Minister and Deputy First Minister.$eissuing body.
=710  1\$32015:$aNorthern Ireland.$bExecutive Office.$eissuing body.
=785  00$tNICS Freedom of Information Act 2000 annual report
=856  40$uhttps://www.executiveoffice-ni.gov.uk/publications/foi-annual-reports
=859  \\$aELD$bejournal
=985  \\$aWFH record (CS) 2022
=CAT  \\$a8124$b40$c20220720$lBLL01$h1354
=CAT  \\$a8124$b40$c20220720$lBLL01$h1356
=CAT  \\$a8124$b40$c20220721$lBLL01$h1511
=CAT  \\$a8124$b40$c20220802$lBLL01$h1447
=FIN  \\$aY$d20220720
=LET  \0$aFreedom of Information Act 2000 annual report (Electronic)
=LAS  \\$a8124$b40$c20220802$lBLL01$h1447

