=LDR  02030nas a2200493 i 4500
=001  020685694
=003  Uk
=005  20220720140520.0
=006  m\\\\\|\\d\|\\\\\\
=007  cr\|||||||||||
=008  220720d20162018nikar\\\o\\\\o0\\\a0eng\\
=FMT  \\$a  SE
=015  \\$aGBC2C8904$2bnb
=040  \\$aUk$beng$cUk$erda
=042  \\$aukblsr
=082  04$a342.4160853$223
=245  00$aNICS Freedom of Information Act 2000 annual report ...
=246  3\$aNorthern Ireland Civil service Freedom of Information Act 2000 annual report
=246  1\$iMinor title change:$aNICS Freedom of Information annual report,$f2017-2018
=246  1\$iWeblink title:$aExecutive Office FOI annual report
=264  \1$a[Belfast] :$bExecutive Office,$c2016-2018.
=300  \\$billustrations (colour)
=310  \\$aAnnual
=336  \\$atext$2rdacontent
=337  \\$acomputer$2rdamedia
=338  \\$aonline resource$2rdacarrier
=362  0\$a2016-2018.
=500  \\$aTitle from PDF caption (executiveoffice-ni.gov.uk, viewed July 20, 2022).
=588  \\$aLatest issue consulted: 2018 (viewed July 20, 2022).
=610  10$aGreat Britain.$tFreedom of Information Act 2000$vPeriodicals.
=650  \0$aInformation audits$zNorthern Ireland$vPeriodicals.
=650  \0$aGovernment information$zNorthern Ireland$vStatistics$vPeriodicals.
=710  1\$aNorthern Ireland.$bExecutive Office,$eissuing body.
=780  00$tFreedom of Information Act 2000 annual report
=785  00$tTEO Freedom of Information annual report
=856  40$uhttps://www.executiveoffice-ni.gov.uk/publications/foi-annual-reports
=859  \\$aELD$bejournal
=985  \\$aWFH record (CS) 2022
=CAT  \\$a8124$b40$c20220720$lBLL01$h1357
=CAT  \\$a8124$b40$c20220720$lBLL01$h1405
=FIN  \\$aY$d20220720
=LET  \0$aNICS Freedom of Information annual report (Electronic)
=LKR  \\$aPAR$b020685690$lBLL01$r78000$mNICS Freedom of Information annual report$nFreedom of Information Act 2000 annual report
=LAS  \\$a8124$b40$c20220720$lBLL01$h1405

