=LDR  01873nas a2200445 i 4500
=001  020688348
=003  Uk
=005  20220726104409.0
=007  cr\|||||||||||
=008  220726d19uu2018enkar\\\\\\\\\0\\\a0eng\\
=FMT  \\$a  SE
=040  \\$aUk$beng$cUk$erda
=042  \\$aukblsr
=082  04$a363.69094105$223
=110  2\$aSociety for the Protection of Ancient Buildings (London, England)
=245  10$aAnnual review /$cSociety for the Protection of Ancient Buildings.
=246  1\$iWebsite link title:$aAnnual report
=246  1\$iMinor title change :$aSPAB annual review
=264  \1$aLondon :$bSociety for the Protection of Ancient Buildings
=300  \\$billustrations (colour)
=310  \\$aAnnual
=336  \\$atext$2rdacontent
=337  \\$acomputer$2rdamedia
=338  \\$aonline resource$2rdacarrier
=362  0\$a-2018.
=588  \\$aDescription based on print version record.
=588  \\$aLatest issue consulted: 2018 (SPAB website, viewed July 26, 2022).
=610  20$aSociety for the Protection of Ancient Buildings (London, England)$vPeriodicals.
=610  20$aSociety for the Protection of Ancient Buildings (London, England)$xFinance$vPeriodicals.
=650  \0$aHistoric buildings$xProtection$zGreat Britain$vPeriodicals.
=650  \0$aHistoric buildings$xConservation and restoration$zGreat Britain$vPeriodicals.
=776  0\$iAlso issued in print as:$aSociety for the Protection of Ancient Buildings (London, England).$tAnnual review
=785  00$aSociety for the Protection of Ancient Buildings (London, England).$tImpact report
=856  40$uhttps://www.spab.org.uk/about-us/annual-review
=859  \\$aELD$bejournal
=CAT  \\$a8483$b40$c20220726$lBLL01$h1008
=CAT  \\$a8483$b40$c20220726$lBLL01$h1044
=FIN  \\$aY$d20220726
=LET  \0$aSPAB annual review (Electronic)
=LAS  \\$a8483$b40$c20220726$lBLL01$h1044

