=LDR  02255cas a2200505 i 4500
=001  020707476
=003  Uk
=005  20221006154202.0
=006  m\\\\\|\\d\|\\\\\\
=007  cr\|||||||||||
=008  220808c2uuu9999enkar\\\o\s\\o0\\\a0eng\\
=FMT  \\$a  SE
=015  \\$aGBC2G8702$2bnb
=040  \\$aUk$beng$cUk$dUk$erda
=042  \\$aukblsr
=082  04$a614.532$223
=245  00$aMalaria imported into the United Kingdom :$b... implications for those advising travellers.
=246  1\$iWeb link title:$aMalaria imported into the UK :$b... implications for those advising travellers
=264  \1$a[London] :$bHealth Protection Agency
=264  31$aLondon :$bPublic Health England
=300  \\$billustrations (colour); maps (colour)
=310  \\$aAnnual
=336  \\$atext$2rdacontent
=337  \\$acomputer$2rdamedia
=338  \\$aonline resource$2rdacarrier
=500  \\$aSubtitle dropped with 2019 issue.
=588  \\$aDescription based on: 2004 issue (originally published in: CDR weekly; from 2006 issue, in: Health protection report : weekly report); title from PDF first page (National Archives, viewed August 8, 2022).
=588  \\$aLatest issue consulted: 2019 (GOV.UK, viewed August 8, 2022).
=650  \0$aMalaria$zGreat Britain$vStatistics$vPeriodicals.
=650  \0$aTravel$xHealth aspects$vPeriodicals.
=710  2\$aHealth Protection Agency (Great Britain),$eissuing body.
=710  2\$aPublic Health England,$eissuing body.
=856  40$uhttps://www.gov.uk/government/publications/malaria-in-the-uk-annual-report
=856  40$uhttps://webarchive.nationalarchives.gov.uk/ukgwa/20140713050959/http://www.hpa.org.uk/Topics/InfectiousDiseases/InfectionsAZ/Malaria/EpidemiologicalData/
=859  \\$aELD$bejournal
=985  \\$a2020 may not be published because of pandemic travel restrictions.
=CAT  \\$a3072$b40$c20220808$lBLL01$h1114
=CAT  \\$a3072$b40$c20220921$lBLL01$h1415
=CAT  \\$a3072$b40$c20220921$lBLL01$h1426
=CAT  \\$a3072$b40$c20220921$lBLL01$h1427
=CAT  \\$a3072$b40$c20220921$lBLL01$h1537
=CAT  \\$a3072$b40$c20221006$lBLL01$h1542
=FIN  \\$aY$d20220921
=LET  \0$aMalaria imported into the United Kingdom (Electronic)
=LAS  \\$a3072$b40$c20221006$lBLL01$h1542

