=LDR  01921cas a2200445 i 4500
=001  020711413
=003  Uk
=005  20220815121304.0
=006  m\\\\\|\\d\|\\\\\\
=007  cr\|||||||||||
=008  220809c201u9999enkwr\\\o\s\\o0\\\a0eng\\
=FMT  \\$a  SE
=015  \\$aGBC2E2799$2bnb
=040  \\$aUk$beng$cUk$erda
=042  \\$aukblsr
=082  04$a363.739220942134$223
=245  00$aEnvironmental monitoring following the Grenfell Tower fire :$bdata update.
=264  \1$a[London] :$bUK Health Security Agency
=300  \\$billustrations (colour)
=310  \\$aWeekly
=336  \\$atext$2rdacontent
=337  \\$acomputer$2rdamedia
=338  \\$aonline resource$2rdacarrier
=515  \\$aConsolidated report dated 29 December 2021 covers monitoring results between 24 June 2017 and 29 December 2021.
=588  \\$aDescription based on: Consolidated report dated 29 December 2021, and 10 August 2022 update; title from PDF cover (GOV.UK, viewed August 15, 2022).
=610  20$aGrenfell Tower (London, England)$vPeriodicals.
=650  \0$aAir$xPollution$zEngland$zLondon$xMeasurement$vPeriodicals.
=650  \0$aAir$xPollution$xHealth aspects$zEngland$zLondon$vPeriodicals.
=650  \0$aAir quality monitoring stations$zEngland$zLondon$vPeriodicals.
=651  \0$aKensington and Chelsea (London, England)$vPeriodicals.
=710  2\$aUK Health Security Agency,$eissuing body.
=856  40$uhttps://www.gov.uk/government/publications/environmental-monitoring-following-the-grenfell-tower-fire
=859  \\$aELD$bejournal
=985  \\$a5 August 2022 (corrected version of 4 August) and 10 August 2022 seen; 5 August 2022 one now disappeared.
=CAT  \\$a3072$b40$c20220809$lBLL01$h1727
=CAT  \\$a3072$b40$c20220809$lBLL01$h1731
=CAT  \\$a3072$b40$c20220815$lBLL01$h1142
=CAT  \\$a3072$b40$c20220815$lBLL01$h1213
=FIN  \\$aY$d20220815
=LAS  \\$a3072$b40$c20220815$lBLL01$h1213

