=LDR  01989nas a2200409 i 4500
=001  020781110
=003  Uk
=005  20221019135836.0
=006  m\\\\\|\\d\|\\\\\\
=007  cr\|||||||||||
=008  221019c20uu9999enkqr\\\o\\\\o0\\\a0eng\\
=FMT  \\$a  SE
=015  \\$aGBC2I6759$2bnb
=040  \\$aUk$beng$cUk$erda
=042  \\$aukblsr
=082  04$a614.592412$223
=245  00$aLaboratory reports of Mycoplasma pneumoniae infection made to CIDSC from PHE and NHS laboratories in England and Wales.
=246  13$aMycoplasma pneumoniae :$bsummary of laboratory reports
=264  \1$a[London] :$bPublic Health England
=300  \\$billustrations (colour)
=310  \\$aQuarterly
=336  \\$atext$2rdacontent
=337  \\$acomputer$2rdamedia
=338  \\$aonline resource$2rdacarrier
=500  \\$aFrom January/September 2020 issued in HTML format.
=500  \\$aIssue for the 4th quarter each year is also the annual report/summary; titles vary: Annual report of Mycoplasma pneumoniae laboratory surveillance data, 2015 ... ; Annual summary of Mycoplasma pneumoniae laboratory surveillance data, 2016 ... ; Annual summary of respiratory Mycoplasma pneumoniae laboratory surveillance data ... 2017-2019.
=588  \\$aDescription based on: January 2010 to September 2015 (inclusive) issue; title from PDF cover (National Archives, viewed October 19, 2022).
=588  \\$aLatest issue consulted: January/June 2020 issue (GOV.UK, viewed October 19, 2021).
=650  \0$aMycoplasma pneumoniae infections$zEngland$vStatistics$vPeriodicals.
=650  \0$aMycoplasma pneumoniae infections$zWales$vStatistics$vPeriodicals.
=710  2\$aPublic Health England,$eissuing body.
=856  40$uttps://www.gov.uk/government/publications/mycoplasma-pneumoniae-laboratory-report-summaries-2020
=859  \\$aELD$bejournal
=CAT  \\$a3072$b40$c20221019$lBLL01$h1256
=CAT  \\$a3072$b40$c20221019$lBLL01$h1358
=FIN  \\$aY$d20221019
=LAS  \\$a3072$b40$c20221019$lBLL01$h1358

