=LDR  02087nas a2200481 i 4500
=001  020790172
=003  Uk
=005  20221031114942.0
=006  m\\\\\|\\d\|\\\\\\
=007  cr\|||||||||||
=008  221031c20169999enk\x\\\o\s\\o0\\\a0eng\\
=FMT  \\$a  SE
=015  \\$aGBC2J1145$2bnb
=040  \\$aUk$beng$cUk$erda
=042  \\$aukblsr
=082  04$a363.8$223
=245  00$aSugar Reduction and Wider Reformulation Programme :$bstakeholder engagement.
=246  1\$iJune 2018/February 2019 has title:$aTable of stakeholder engagement
=246  1\$iMarch 2019/July 2019-August 2019/June 2020 has title:$aReduction and Reformulation Programme :$btable of stakeholder engagement
=264  \1$aLondon :$bPublic Health England,$c2017-
=310  \\$aIrregular
=336  \\$atext$2rdacontent
=337  \\$acomputer$2rdamedia
=338  \\$aonline resource$2rdacarrier
=362  0\$aMay 2016/March 2017-
=500  \\$aPDF titles vary; June 2018/February 2019 lacks cover.
=500  \\$aAccompanied on web page by PDF for " ... Annex 1: presentation slides" (November 2016).
=500  \\$aTitle from web link (publisher's Web site, viewed October 31, 2022).
=500  \\$aFrom June 2020/February 2021 issued in HTML only.
=588  \\$aLatest issue consulted: August 2019/June 2020 (viewed October 31, 2022).
=610  20$aSugar Reduction and Wider Reformulation Programme$vPeriodicals.
=650  \0$aSugar$xGovernment policy$zEngland$vPeriodicals.
=650  \0$aObesity in children$zEngland$xPrevention$vPeriodicals.
=650  \0$aFood$xSugar content$zEngland$vStatistics$vPeriodicals.
=650  \0$aSugar$xHealth aspects$zEngland$vPeriodicals.
=710  2\$aPublic Health England,$eissuing body.
=856  40$uhttps://www.gov.uk/government/publications/sugar-reduction-and-wider-reformulation-stakeholder-engagement
=859  \\$aELD$bejournal
=985  \\$aNew body for progamme; also for 020681895.
=CAT  \\$a3072$b40$c20221031$lBLL01$h1147
=CAT  \\$a3072$b40$c20221031$lBLL01$h1149
=FIN  \\$aY$d20221031
=LAS  \\$a3072$b40$c20221031$lBLL01$h1149

