=LDR  02302nas a2200421 i 4500
=001  020804831
=003  Uk
=005  20221110102546.0
=007  cr\|||||||||||
=008  221110c200u9999enkar\\\o\\\\\0\\\a0eng\\
=FMT  \\$a  SE
=040  \\$aUk$beng$cUk$erda
=042  \\$aukblsr
=082  04$a368.22$223
=110  2\$aUnited Kingdom Defence Insurance Association (Isle of Man) Limited,$eauthor.
=245  10$aDirectors' report and financial statements /$cThe United Kingdom Defence Insurance Association (Isle of Man) Limited.
=246  1\$iPDF running title:$aUK Defence (IOM) annual report$f-2017
=246  1\$iPDF running title:$aUKDC (Isle of Man) Directors' Report and Financial Statements,$f2018-
=246  1\$iWebsite link title:$aAnnual report & accounts (Isle of Man)
=264  \1$aDouglas, Isle of Man :$bUnited Kingdom Defence Insurance Association (Isle of Man) Limited
=310  \\$aAnnual
=336  \\$atext$2rdacontent
=337  \\$acomputer$2rdamedia
=338  \\$aonline resource$2rdacarrier
=588  \\$aDescription based on: Report for the year ended 20 February 2010; title from PDF cover (UK Defence Club website, viewed Novmber 10, 2022).
=588  \\$aLatest issue consulted: Report for the year ended 20 February 2022, viewed November 10, 2022.
=610  20$aUnited Kingdom Defence Insurance Association (Isle of Man) Limited$vPeriodicals.
=610  20$aUnited Kingdom Defence Insurance Association (Isle of Man) Limited$xFinance$vPeriodicals.
=776  08$iAlso issued in print as:$aUnited Kingdom Defence Insurance Association (Isle of Man) Limited.$t[Annual reports, financial reports, etc.]
=856  40$uhttps://www.ukdefence.com/member-resources/report-accounts/
=859  \\$aELD$bejournal
=985  \\$aPrint is a collection level record (which we decided not to do for digital), though all issues are recorded as the Director's report & financial statements.
=CAT  \\$a8483$b40$c20221110$lBLL01$h0950
=CAT  \\$a8483$b40$c20221110$lBLL01$h1025
=FIN  \\$aY$d20221110
=LET  \0$aUKDC (Isle of Man) Directors' Report and Financial Statements (Electronic)
=LKR  \\$aPAR$b019061466$lBLL01$r776$mDirectors' report and financial statements /$n[Annual reports, financial reports, etc.] /
=LAS  \\$a8483$b40$c20221110$lBLL01$h1025

