=LDR  01896nas a2200409 i 4500
=001  020851192
=003  Uk
=005  20230104173648.0
=006  m\\\\\|\\d\|\\\\\\
=007  cr\|||||||||||
=008  230104c20uu9999wlkar\\\o\\\\o0\\\a0eng\\
=FMT  \\$a  SE
=040  \\$aUk$beng$cUk$erda
=042  \\$aukblsr
=082  04$a364.15553$223
=245  00$aHow domestic abuse data are captured through the criminal justice system.
=264  \1$a[Newport] :$bOffice for National Statistics
=310  \\$aAnnual
=336  \\$atext$2rdacontent
=337  \\$acomputer$2rdamedia
=338  \\$aonline resource$2rdacarrier
=500  \\$aAt head of title: Article.
=500  \\$a"Information on the stages of the criminal justice process in England and Wales, and how data are captured at each stage".
=588  \\$aDescription based on: 2020 issue; title from PDF caption (ONS website, viewed January 4, 2023).
=588  \\$aLatest issue consulted: 2022 (ONS Web site, viewed January 4, 2023).
=650  \7$aCriminal justice, Administration of$xData processing.$2fast$0(OCoLC)fst00883262
=650  \7$aIntimate partner violence.$2fast$0(OCoLC)fst01747311
=651  \7$aEngland.$2fast$0(OCoLC)fst01219920
=655  \7$aStatistics.$2fast$0(OCoLC)fst01423727
=710  1\$aGreat Britain.$bOffice for National Statistics,$eissuing body.
=780  01$tDomestic abuse in England and Wales
=856  40$uhttps://www.ons.gov.uk/peoplepopulationandcommunity/crimeandjustice/articles/howdomesticabusedataarecapturedthroughthecriminaljusticesystem/previousReleases
=859  \\$aELD$bejournal
=CAT  \\$a3072$b40$c20230104$lBLL01$h1736
=LET  \0$aHow domestic abuse data are captured through the criminal justice system (Electronic)
=LKR  \\$aPAR$b019250841$lBLL01$nDomestic abuse in England and Wales$mHow domestic abuse data are captured$r78001
=LAS  \\$a3072$b40$c20230104$lBLL01$h1736

