=LDR  02140cas a2200493 i 4500
=001  020988830
=003  Uk
=005  20230328150440.0
=007  cr\|||||||||||
=008  230314c20219999wlkwr\\\os\\\o0\\\a0eng\\
=FMT  \\$a  SE
=040  \\$aUk$beng$cUk$dUk$erda
=042  \\$aukblsr
=082  04$a614.5924144$223
=245  00$aCoronavirus (COVID-19) infection survey positivity estimates.
=264  \1$a[Wales] :$bWelsh Government
=300  \\$billustrations (colour)
=310  \\$aWeekly
=336  \\$atext$2rdacontent
=337  \\$acomputer$2rdamedia
=338  \\$aonline resource$2rdacarrier
=362  0\$a13 to 19 February 2021-
=500  \\$aTitle from PDF caption (Gov.Wales, viewed March 14, 2023).
=500  \\$a"Analysis of the proportion of people testing positive for COVID-19".
=588  \\$aLatest issue consulted: 22 to 28 February, 2023, viewed March 14, 2023.
=650  \7$aCOVID-19 (Disease)$xEpidemiology.$2fast$0(OCoLC)fst01984647
=650  \7$aCOVID-19 (Disease)$xTesting.$2fast$0(OCoLC)fst02021874
=651  \7$aWales.$2fast$0(OCoLC)fst01207649
=655  \7$aStatistics.$2fast$0(OCoLC)fst01423727
=655  \7$aPeriodicals.$2fast$0(OCoLC)fst01411641
=710  1\$aWales.$bWelsh Government.
=780  01$tCoronavirus (Covid-19) infection survey (Wales. Welsh Government)
=787  0\$tCoronavirus (Covid-19) infection survey antibodies data
=856  40$uhttps://www.gov.wales/coronavirus-covid-19-infection-survey-positivity-estimates
=859  \\$aELD$bejournal
=985  \\$aNot to be confused with a similar title published by the Welsh Government - "Coronavirus (Covid-19) infection survey antibodies data". Not to be confused with titles published by the ONS either. (ED).
=CAT  \\$a8483$b40$c20230314$lBLL01$h1304
=CAT  \\$a8483$b40$c20230314$lBLL01$h1307
=CAT  \\$a8483$b40$c20230314$lBLL01$h1309
=CAT  \\$a8483$b40$c20230314$lBLL01$h1312
=CAT  \\$a3072$b40$c20230328$lBLL01$h1504
=FIN  \\$aY$d20230314
=LET  \0$aCoronavirus (Covid-19) infection survey positivity estimates (Welsh Government : Electronic)
=LAS  \\$a3072$b40$c20230328$lBLL01$h1504

