=LDR  01916nas a2200469 i 4500
=001  021052859
=003  Uk
=005  20230516101434.0
=007  cr\|||||||||||
=008  230516c20239999enkuu\\\o\\\\o0\\\a0eng\\
=FMT  \\$a  SE
=015  \\$aGBC391610$2bnb
=040  \\$aUk$beng$cUk$erda
=042  \\$aukblsr
=082  04$a353.95$223
=245  00$aAdverse weather and health plan :$bprotecting health from weather related harm.
=264  \1$a[London] :$bUK Health Security Agency,$c2023-
=300  \\$billustrations (colour)
=336  \\$atext$2rdacontent
=337  \\$acomputer$2rdamedia
=338  \\$aonline resource$2rdacarrier
=362  0\$a2023 to 2024-
=500  \\$aTitle from cover (GOV.UK, viewed May 16, 2023).
=500  \\$aAccompanied by document of supporting evidence and a weather-health alert system user guide.
=650  \7$aHeat waves (Meteorology)$2fast$0(OCoLC)fst00953995
=650  \7$aClimatic extremes.$2fast$0(OCoLC)fst00864275
=650  \7$aClimatic changes$xGovernment policy.$2fast$0(OCoLC)fst00864245
=650  \7$aEmergency management.$2fast$0(OCoLC)fst00908500
=651  \7$aGreat Britain.$2fast$0(OCoLC)fst01204623
=655  \7$aPeriodicals.$2fast$0(OCoLC)fst01411641
=710  2\$aUK Health Security Agency,$eissuing body.
=780  04$tHeatwave plan for England
=780  04$tCold weather plan for England
=856  40$uhttps://www.gov.uk/government/publications/adverse-weather-and-health-plan
=859  \\$aELD$bejournal
=CAT  \\$a8483$b40$c20230516$lBLL01$h1013
=CAT  \\$a8483$b40$c20230516$lBLL01$h1014
=FIN  \\$aY$d20230516
=LET  \0$aAdverse weather and health plan (Electronic)
=LKR  \\$aPAR$b015542835$lBLL01$r78004$mAdverse weather and health plan$nHeatwave plan for England
=LKR  \\$aPAR$b016656498$lBLL01$r78004$mAdverse weather and health plan$nCold weather plan for England
=LAS  \\$a8483$b40$c20230516$lBLL01$h1014

