=LDR  01676cas a2200469 i 4500
=001  021088158
=003  Uk
=005  20230707174534.0
=007  cr\|||||||||||
=008  230613c20159999enkar\\\o\s\\\0\\\a0eng\\
=FMT  \\$a  SE
=015  \\$aGBC3A9540$2bnb
=040  \\$aUk$beng$cUk$erda
=042  \\$aukblsr
=082  04$a302.23083$223
=245  00$aChildren's media lives /$cOfcom.
=264  \1$aLondon :$bEsro
=300  \\$billustrations (colour)
=310  \\$aAnnual
=336  \\$atext$2rdacontent
=337  \\$acomputer$2rdamedia
=338  \\$aonline resource$2rdacarrier
=362  0\$aYear 1 findings-
=500  \\$aTitle from PDF cover (Ofcom website, viewed June 13, 2023).
=500  \\$a"A report for Ofcom".
=588  \\$aLatest issue consulted: 2023, viewed June 13, 2023.
=650  \7$aSocial media.$2fast$0(OCoLC)fst01741098
=650  \7$aMass media and children.$2fast$0(OCoLC)fst01011332
=650  \7$aMass media and youth.$2fast$0(OCoLC)fst01011384
=650  \7$aConsumer behavior.$2fast$0(OCoLC)fst00876238
=651  \7$aGreat Britain.$2fast$0(OCoLC)fst01204623
=655  \7$aStatistics.$2fast$0(OCoLC)fst01423727
=655  \7$aPeriodicals.$2fast$0(OCoLC)fst01411641
=710  1\$aGreat Britain.$bOffice of Communications,$eissuing body.
=710  2\$aRevealing Reality (Firm)
=856  40$uhttps://www.ofcom.org.uk/research-and-data/media-literacy-research/childrens/childrens-media-lives
=859  \\$aELD$bejournal
=CAT  \\$a8483$b40$c20230613$lBLL01$h1542
=CAT  \\$a8871$b40$c20230707$lBLL01$h1745
=FIN  \\$aY$d20230613
=LET  \0$aChildren's media lives (Electronic)
=LAS  \\$a8871$b40$c20230707$lBLL01$h1745

