=LDR  01404nas a2200397 i 4500
=001  021135106
=003  Uk
=005  20230707111509.0
=007  cr\|||||||||||
=008  230707c20239999enkar\\\o\\\\\0\\\a0eng\\
=FMT  \\$a  SE
=015  \\$aGBC3D0048$2bnb
=040  \\$aUk$beng$cUk$erda
=042  \\$aukblsr
=082  04$a302.23$223
=110  1\$aGreat Britain.$bOffice of Communications,$eauthor.
=245  10$aMaking sense of media annual plan.
=264  \1$a[London] :$bOfcom,$c2023-
=300  \\$billustrations (colour)
=336  \\$atext$2rdacontent
=337  \\$acomputer$2rdamedia
=338  \\$aonline resource$2rdacarrier
=362  0\$a2023/2024-
=500  \\$aTitle from PDF cover (Ofcom website, viewed July 7, 2023).
=500  \\$aAlso issued in Welsh.
=650  \7$aMedia literacy$2fast$0(OCoLC)fst01013578
=650  \7$aDigital media$2fast$0(OCoLC)fst00893716
=651  \7$aGreat Britain.$2fast$0(OCoLC)fst01204623
=655  \7$aPeriodicals.$2fast$0(OCoLC)fst01411641
=856  40$uhttps://www.ofcom.org.uk/research-and-data/media-literacy-research/approach
=859  \\$aELD$bejournal
=985  \\$aQuestion mark over whether this will prove to be published every year with a stable title. (ED)
=CAT  \\$a8483$b40$c20230707$lBLL01$h1115
=FIN  \\$aY$d20230707
=LET  \0$aMaking sense of media annual plan (Electronic)
=LAS  \\$a8483$b40$c20230707$lBLL01$h1115

