=LDR  01761nas a2200445 i 4500
=001  021135133
=003  Uk
=005  20230707115525.0
=007  cr\|||||||||||
=008  230707c20189999enkar\\\o\\\\\0\\\a0eng\\
=FMT  \\$a  SE
=015  \\$aGBC3D0054$2bnb
=040  \\$aUk$beng$cUk$erda
=042  \\$aukblsr
=082  04$a384.55066541$223
=110  1\$aGreat Britain.$bOffice of Communications,$eauthor.
=245  10$aOfcom's annual report on the BBC.
=246  3\$aOfcom's annual report on the British Broadcasting Corporation
=264  \1$a[London] :$bOfcom,$c2018-
=300  \\$billustrations (colour)
=310  \\$aAnnual
=336  \\$atext$2rdacontent
=337  \\$acomputer$2rdamedia
=338  \\$aonline resource$2rdacarrier
=362  1\$aFirst, published in 2018.
=500  \\$aTitle from PDF cover (Ofcom website, viewed July, 7, 2023).
=588  \\$aLatest issue consulted: 2020/2021, viewed July 7, 2023.
=610  27$aBritish Broadcasting Corporation$2fast$0(OCoLC)fst00534503
=610  17$aGreat Britain.$bOffice of Communications.$2fast$0(OCoLC)fst00789443
=650  \7$aTelevision broadcasting policy.$2fast$0(OCoLC)fst01146821
=655  \7$aStatistics.$2fast$0(OCoLC)fst01423727
=655  \7$aAnnual reports$2fast$0(OCoLC)fst01919893
=655  \7$aPeriodicals.$2fast$0(OCoLC)fst01411641
=775  0\$iWelsh version:$aGreat Britain. Office of Communications.$tAdroddiad blynyddol Ofcom ar y BBC
=856  40$uhttps://www.ofcom.org.uk/tv-radio-and-on-demand/information-for-industry/bbc/performance/bbc-annual-report
=859  \\$aELD$bejournal
=CAT  \\$a8483$b40$c20230707$lBLL01$h1155
=FIN  \\$aY$d20230707
=LET  \0$aOfcom's annual report on the BBC (Electronic)
=LAS  \\$a8483$b40$c20230707$lBLL01$h1155

