=LDR  01830nas a2200469 i 4500
=001  021135179
=003  Uk
=005  20230707130532.0
=007  cr\|||||||||||
=008  230707c20119999enkar\\\o\\\\\0\\\a0eng\\
=FMT  \\$a  SE
=015  \\$aGBC3D0062$2bnb
=040  \\$aUk$beng$cUk$erda
=042  \\$aukblsr
=082  04$a383.068$223
=110  1\$aGreat Britain.$bOffice of Communications,$eauthor.
=245  10$aAnnual monitoring update on the postal market.
=246  1\$iMinor title change:$aAnnual monitoring update on postal services,$f2019/2020-
=246  1\$i2020/2021- entitled:$aAnnual monitoring update for postal services
=264  \1$a[London] :$bOfcom,$c2012-
=300  \\$billustrations (colour)
=310  \\$aAnnual
=336  \\$atext$2rdacontent
=337  \\$acomputer$2rdamedia
=338  \\$aonline resource$2rdacarrier
=362  0\$a2011/2012-
=500  \\$aTitle from PDF cover (Ofcom website, viewed July 7, 2023).
=500  \\$aAccompanied online by statistical data tables.
=588  \\$aLatest issue consulted: 2021/2022, viewed July 7, 2023.
=650  \7$aPostal service.$2fast$0(OCoLC)fst01072885
=650  \7$aEvaluation.$2fast$0(OCoLC)fst00916975
=651  \7$aGreat Britain.$2fast$0(OCoLC)fst01204623
=655  \7$aStatistics.$2fast$0(OCoLC)fst01423727
=655  \7$aAnnual reports$2fast$0(OCoLC)fst01919893
=655  \7$aPeriodicals.$2fast$0(OCoLC)fst01411641
=775  0\$iWelsh version:$tDiweddariad monitro blynyddol ar y farchnad bost
=856  40$uhttps://www.ofcom.org.uk/postal-services/information-for-the-postal-industry/monitoring_reports
=859  \\$aELD$bejournal
=CAT  \\$a8483$b40$c20230707$lBLL01$h1305
=FIN  \\$aY$d20230707
=LET  \0$aOfcom Annual monitoring update for Postal Services (Electronic)
=LAS  \\$a8483$b40$c20230707$lBLL01$h1305

