=LDR  02535nas a2200565 i 4500
=001  021163217
=003  Uk
=005  20230808134750.0
=006  m\\\\\|\\d\|\\\\\\
=007  cr\|||||||||||
=008  230803c20109999nikar\p\o\s\\o0\\\a0eng\\
=FMT  \\$a  SE
=015  \\$aGBC3E5211$2bnb
=040  \\$aUk$beng$cUk$erda
=042  \\$aukblsr
=082  04$a614.42416$223
=245  00$aHealth survey Northern Ireland :$bfirst results from the ... survey.
=246  1\$iMinor title change:$aHealth survey (NI) :$bfirst results ...$f2015/2016-
=264  \1$aBelfast :$bPublic Health Information & Research Branch Information & Analysis Directorate, Department of Health, Social Services & Public Safety
=264  31$aBelfast :$bPublic Health Information & Research Branch, Information & Analysis, Department of Health
=300  \\$billustrations (colour)
=310  \\$aAnnual
=336  \\$atext$2rdacontent
=337  \\$acomputer$2rdamedia
=338  \\$aonline resource$2rdacarrier
=362  0\$a2010/2011-
=500  \\$aTitle from PDF masthead (NI Department of Health website, viewed August 3, 2023).
=500  \\$aAccompanied by supplement entitled: Health Survey (NI) technical report.
=588  \\$aLatest issue consulted: 2021/2022 (viewed August 2, 2023).
=650  \7$aHealth surveys.$2fast$0(OCoLC)fst00953352
=650  \7$aPublic health.$2fast$0(OCoLC)fst01082238
=651  \7$aNorthern Ireland.$2fast$0(OCoLC)fst01205215
=655  \7$aStatistics.$2fast$0(OCoLC)fst01423727
=655  \7$aPeriodicals.$2fast$0(OCoLC)fst01411641
=710  1\$aNorthern Ireland.$bPublic Health Information & Research Branch,$eissuing body.
=710  1\$aNorthern Ireland.$bDepartment of Health,$eissuing body.
=740  02$aHealth survey (NI) technical report
=776  08$iAlso issued in print -2012/2013 as:$tHealth survey Northern Ireland
=856  4\$uhttps://www.health-ni.gov.uk/topics/health-survey-northern-ireland
=856  40$uhttp://niopa.qub.ac.uk/handle/NIOPA/16043
=859  \\$aELD$bejournal
=CAT  \\$a8483$b40$c20230803$lBLL01$h1334
=CAT  \\$a8483$b40$c20230803$lBLL01$h1340
=CAT  \\$a8483$b40$c20230803$lBLL01$h1340
=CAT  \\$a8483$b40$c20230803$lBLL01$h1408
=CAT  \\$a8483$b40$c20230808$lBLL01$h1347
=FIN  \\$aY$d20230803
=LET  \0$aHealth survey Northern Ireland (Electronic)
=LKR  \\$aPAR$b015996943$lBLL01$r776$mHealth survey Northern Ireland : first results from the ... survey.$nHealth survey Northern Ireland.
=LAS  \\$a8483$b40$c20230808$lBLL01$h1347

