=LDR  02067nas a2200493 i 4500
=001  021163341
=003  Uk
=005  20230808121715.0
=006  m\\\\\|\\d\|\\\\\\
=007  cr\|||||||||||
=008  230803c20169999nikqr\p\o\s\\o0\\\a0eng\\
=FMT  \\$a  SE
=015  \\$aGBC3E5224$2bnb
=040  \\$aUk$beng$cUk$erda
=042  \\$aukblsr
=082  04$a362.109416$223
=245  00$aNorthern Ireland waiting time statistics.$pInpatient and day case waiting times.
=264  \1$aBelfast :$bHospital Information Branch, Department of Health,$c2017-
=300  \\$billustrations (colour)
=310  \\$aQuarterly
=336  \\$atext$2rdacontent
=337  \\$acomputer$2rdamedia
=338  \\$aonline resource$2rdacarrier
=362  0\$aQuarter ending June 2016-
=500  \\$aTitle from PDF cover (NI Department of Health website, viewed August 3, 2023).
=588  \\$aLatest issue consulted: Quarter ending March 2022 (viewed August 3, 2023).
=500  \\$aFrom June 2022 issued in HTML format.
=650  \7$aMedical appointments and schedules.$2fast$0(OCoLC)fst01013701
=650  \7$aHealth services administration.$2fast$0(OCoLC)fst00953286
=651  \7$aNorthern Ireland.$2fast$0(OCoLC)fst01205215
=655  \7$aStatistics.$2fast$0(OCoLC)fst01423727
=655  \7$aPeriodicals.$2fast$0(OCoLC)fst01411641
=710  1\$aNorthern Ireland.$bDepartment of Health, Social Services, and Public Safety,$eissuing body.
=710  1\$32016-$aNorthern Ireland.$bDepartment of Health.$eissuing body.
=780  00$tNorthern Ireland waiting time statistics. Inpatient waiting times
=856  4\$uhttps://www.health-ni.gov.uk/articles/inpatient-waiting-times
=856  4\$uhttp://niopa.qub.ac.uk/handle/NIOPA/16047
=859  \\$aELD$bejournal
=CAT  \\$a8483$b40$c20230803$lBLL01$h1545
=CAT  \\$a8483$b40$c20230803$lBLL01$h1549
=CAT  \\$a8483$b40$c20230808$lBLL01$h1217
=FIN  \\$aY$d20230803
=LET  \0$aNorthern Ireland waiting time statistics. Inpatient and day case waiting times (Electronic)
=LAS  \\$a8483$b40$c20230808$lBLL01$h1217

