=LDR  01552nas a2200409 i 4500
=001  021167458
=003  Uk
=005  20230808150025.0
=006  m\\\\\|\\d\|\\\\\\
=007  cr\|||||||||||
=008  230808c201u9999nikar\\\o\\\\o0\\\a0eng\\
=FMT  \\$a  SE
=015  \\$aGBC3E7062$2bnb
=040  \\$aUk$beng$cUk$erda
=042  \\$aukblsr
=082  04$a333.793209416$223
=110  1\$aNorthern Ireland.$bUtility Regulator,$eauthor.
=245  10$aRegulated entitlement values :$b... tariff year /$cUtility Regulator.
=264  \1$aBelfast :$bUtility Regulator
=310  \\$aAnnual
=336  \\$atext$2rdacontent
=337  \\$acomputer$2rdamedia
=338  \\$aonline resource$2rdacarrier
=588  \\$aDescription based on: 2015/2016 issue ; title from PDF cover (niopa.qub.ac.uk/, viewed August 8, 2023).
=588  \\$aLatest issue consulted: 2022/2023 (uregni.gov.uk, viewed August 8, 2023).
=650  \7$aElectric utilities.$2fast$0(OCoLC)fst00905974
=650  \7$aElectric utilities$xRates.$2fast$0(OCoLC)fst00906079
=651  \7$aNorthern Ireland.$2fast$0(OCoLC)fst01205215
=655  \7$aPeriodicals.$2fast$0(OCoLC)fst01411641
=856  40$uhttps://www.uregni.gov.uk/regulated-entitlement-values-information-note
=859  \\$aELD$bejournal
=985  \\$aWFH record (CS) 2023
=CAT  \\$a8124$b40$c20230808$lBLL01$h1158
=CAT  \\$a8124$b40$c20230808$lBLL01$h1500
=FIN  \\$aY$d20230808
=LET  \0$aRegulated entitlement values - Northern ireland Utility Regulator (Electronic)
=LAS  \\$a8124$b40$c20230808$lBLL01$h1500

