=LDR  02819cas a2200577 i 4500
=001  021167605
=003  Uk
=005  20230814143629.0
=006  m\\\\\|\\d\|\\\\\\
=007  cr\|||||||||||
=008  230808c19uu9999enkar\\\o\\\\\0\\\a0eng\\
=FMT  \\$a  SE
=015  \\$aGBC3E7098$2bnb
=040  \\$aUk$beng$cUk$erda
=042  \\$aukblsr
=082  04$a344.4160129163$223
=245  00$aAgricultural wages (Regulation) Acts (Northern Ireland) :$border.
=246  33$aAgricultural Wages (Regulation) Northern Ireland order
=246  1\$iMinor title change:$aAgricultural Wages (amendment) order,$f<2014>-
=264  \1$a[Belfast] :$bH.M.S.O
=264  21$3-2016:$a[Belfast] :$bDepartment of Agriculture and Rural Development
=264  21$32017-2019:$a[Belfast] :$bDepartment of Agriculture, Environment and Rural Affairs
=264  31$32020-$a[Belfast] :$bAgricultural Wages Board for Northern Ireland
=310  \\$aAnnual
=336  \\$atext$2rdacontent
=337  \\$acomputer$2rdamedia
=338  \\$aonline resource$2rdacarrier
=588  \\$aDescription based on: print version record.
=588  \\$aLatest issue consulted: 2023 (daera-ni.gov.uk, viewed August 8, 2023).
=610  10$aNorthern Ireland.$tAgricultural Wages (Regulation) Act (Northern Ireland) 1939.
=650  \7$aAgricultural wages.$2fast$0(OCoLC)fst00801334
=655  \7$aStatutes and codes.$2fast$0(OCoLC)fst01774314
=651  \7$aNorthern Ireland.$2fast$0(OCoLC)fst01205215
=655  \7$aPeriodicals.$2fast$0(OCoLC)fst01411641
=710  1\$32020-$aNorthern Ireland.$bAgricultural Wages Board.$eissuing body.
=710  1\$3-2016:$aNorthern Ireland.$bDepartment of Agriculture and Rural Development.$eissuing body.
=710  1\$32017-2019:$aNorthern Ireland.$bDepartment of Agriculture, Environment and Rural Affairs.$eissuing body.
=776  08$iAlso issued in print as:$tAgricultural wages (Regulation) Acts (Northern Ireland)
=856  40$uhttps://www.daera-ni.gov.uk/publications/awb-legislation-orders
=859  \\$aELD$bejournal
=985  \\$aCatalogued to match print. Presume minor title change done so "Agricultural Wages" is considered an abbreviation of the name of the Act, CS 08/23
=985  \\$aWFH record (CS) 2023
=CAT  \\$a8124$b40$c20230808$lBLL01$h1616
=CAT  \\$a8124$b40$c20230808$lBLL01$h1617
=CAT  \\$a8124$b40$c20230808$lBLL01$h1620
=CAT  \\$a8124$b40$c20230808$lBLL01$h1622
=CAT  \\$a8124$b40$c20230814$lBLL01$h1436
=FIN  \\$aY$d20230808
=LET  \0$aAgricultural Wages (amendment) order - Northern Ireland.Agricultural Wages Board (Electronic)
=LKR  \\$aPAR$b009190915$lBLL01$r776$mAgricultural wages (Regulation) Acts (Northern Ireland) (Online)$nAgricultural wages (Regulation) Acts (Northern Ireland) (Print)
=LAS  \\$a8124$b40$c20230814$lBLL01$h1436

