=LDR  01849cas a2200493 i 4500
=001  021171833
=003  Uk
=005  20230919082019.0
=006  m\\\\\|\\d\|\\\\\\
=007  cr\|||||||||||
=008  230809c20uu9999nikar\\\o\\\\\0\\\a0eng\\
=FMT  \\$a  SE
=015  \\$aGBC3F1284$2bnb
=040  \\$aUk$beng$cUk$erda
=042  \\$aukblsr
=082  04$a387.10941658$223
=110  2\$aWarrenpoint Harbour Authority,$eauthor.
=245  10$aAnnual report /$cWarrenpoint Port.
=246  1\$iTitle for 2017-2019:$aWarnpoint Harbour Authority annual report and financial statements
=246  13$aWarnpoint Harbour Authority annual report
=264  \1$aWarrenpoint, County Down :$bWarrenpoint Harbour Authority
=300  \\$billustrations (colour)
=310  \\$aAnnual
=336  \\$atext$2rdacontent
=337  \\$acomputer$2rdamedia
=338  \\$aonline resource$2rdacarrier
=588  \\$aDescription based on: 2014 issue ; title from PDF cover (warrenpointport.com, viewed August 9, 2023).
=588  \\$aLatest issue consulted: 2022 (viewed August 9, 2023).
=610  27$aWarrenpoint Harbour Authority$2fast$0(OCoLC)fst02014747
=655  \7$aAnnual reports.$2fast$0(OCoLC)fst01919893
=856  40$uhttps://warrenpointport.com/corporate/annual-report/
=856  40$uhttps://niopa.qub.ac.uk/handle/NIOPA/16136
=859  \\$aELD$bejournal
=985  \\$aWFH record (CS) 2023
=CAT  \\$a8124$b40$c20230809$lBLL01$h1156
=CAT  \\$a8124$b40$c20230809$lBLL01$h1157
=CAT  \\$a8124$b40$c20230809$lBLL01$h1158
=CAT  \\$a8124$b40$c20230815$lBLL01$h0843
=CAT  \\$a8124$b40$c20230817$lBLL01$h1552
=CAT  \\$a8871$b40$c20230913$lBLL01$h1304
=CAT  \\$a8124$b40$c20230919$lBLL01$h0820
=FIN  \\$aY$d20230809
=LET  \0$aAnnual report - Warrenpoint Port (Electronic)
=LAS  \\$a8124$b40$c20230919$lBLL01$h0820

