=LDR  02680cas a2200565 i 4500
=001  021177983
=003  Uk
=005  20230829155859.0
=006  m\\\\\|\\d\|\\\\\\
=007  cr\|||||||||||
=008  230816c19879999enkar\\\o\s\\o0\\\a0eng\\
=FMT  \\$a  SE
=015  \\$aGBC3F6483$2bnb
=022  0\$a2756-0996$202
=040  \\$aUk$beng$cUk$erda
=042  \\$aukblsr$aissnuk
=082  04$a591.072409416$223
=210  0\$aStat. sci. proced. living anim.$b(Online)
=222  \0$aStatistics of scientific procedures on living animals$b(Online)
=245  00$aStatistics of scientific procedures on living animals :$bNorthern Ireland.
=246  1\$iMinor title change:$aStatistics of scientific procedures on living animals Northern Ireland,$f<2005>-
=264  \1$aBelfast :$bHMSO
=264  31$aNorwich :$bTSO
=310  \\$aAnnual
=336  \\$atext$2rdacontent
=337  \\$acomputer$2rdamedia
=338  \\$aonline resource$2rdacarrier
=588  \\$aDescription based on: print version record.
=588  \\$aLatest issue consulted: 2021 (health-ni.gov.uk, viewed August 16, 2023).
=650  \7$aLaboratory animals$xResearch.$2fast$0(OCoLC)fst00990419
=651  \7$aNorthern Ireland.$2fast$0(OCoLC)fst01205215
=655  \7$aStatistics.$2fast$0(OCoLC)fst01423727
=655  \7$aPeriodicals.$2fast$0(OCoLC)fst01411641
=710  1\$aGreat Britain.$bDepartment of Health and Social Services, Northern Ireland.
=710  1\$31999-2014:$aNorthern Ireland.$bDepartment of Health, Social Services, and Public Safety.$eissuing body.
=710  1\$32015-$aIreland.$bDepartment of Health.$eissuing body.
=776  08$iAlso issued in print as:$tStatistics of scientific procedures on living animals$x1355-3461
=856  40$uhttp://niopa.qub.ac.uk/handle/NIOPA/16040
=856  40$uhttps://www.health-ni.gov.uk/publications/statistics-scientific-procedures-living-animals-northern-ireland
=859  \\$aELD$bejournal
=985  \\$aStatistics of scientific procedures on living animals Great Britain also exists, ISSN key title with no county, assigned to match print
=985  \\$aWFH record (CS) 2023
=CAT  \\$a8124$b40$c20230816$lBLL01$h1541
=CAT  \\$a10973$b40$c20230821$lBLL01$h0853
=CAT  \\$a8124$b40$c20230829$lBLL01$h1557
=CAT  \\$a8124$b40$c20230829$lBLL01$h1558
=FIN  \\$aY$d20230816
=LET  \0$aStatistics of scientific procedures on living animals Northern Ireland (Electronic)
=LKR  \\$aPAR$b010500430$lBLL01$r776$mStatistics of scientific procedures on living animals Northern Ireland (Online)$nStatistics of scientific procedures on living animals Northern Ireland (Print)
=LAS  \\$a8124$b40$c20230829$lBLL01$h1558

