=LDR  02080cas a2200481 i 4500
=001  021183704
=003  Uk
=005  20230915124620.0
=007  cr\|||||||||||
=008  230822c200u9999nikar\j\o\\\\o0\\\a0eng\\
=FMT  \\$a  SE
=015  \\$aGBC3F9000$2bnb
=040  \\$aUk$beng$cUk$erda
=042  \\$aukblsr
=082  04$a362.1209416$223
=245  00$aQuality and outcomes framework.
=246  1\$iWebsite link title:$aQOF statistics for Northern Ireland
=264  \1$aBelfast :$bDepartment of Health, Information & Analysis Directorate
=300  \\$billustrations (colour)
=310  \\$aAnnual
=336  \\$atext$2rdacontent
=337  \\$acomputer$2rdamedia
=338  \\$aonline resource$2rdacarrier
=588  \\$aDescription based on: 2015/2016; title from PDF cover (NI Department of Health website, viewed August 22, 2023).
=588  \\$aLatest issue consulted: 2020/2021 (viewed August 22, 2023).
=500  \\$aAccompanied online by statistical achievement and reporting data.
=650  \7$aPrimary health care$xQuality control.$2fast$0(OCoLC)fst01076354
=650  \7$aPrimary health care$xEvaluation.$2fast$0(OCoLC)fst01076346
=650  \7$aGroup medical practice.$2fast$0(OCoLC)fst00948455
=650  \7$aMedical policy.$2fast$0(OCoLC)fst01014505
=651  \7$aNorthern Ireland.$2fast$0(OCoLC)fst01205215
=655  \7$aStatistics.$2fast$0(OCoLC)fst01423727
=655  \7$aPeriodicals.$2fast$0(OCoLC)fst01411641
=710  1\$aNorthern Ireland.$bDepartment of Health.$bInformation and Analysis Directorate,$eissuing body.
=787  0\$tClinical indicators and achievement summary Northern Ireland
=856  40$uhttps://www.health-ni.gov.uk/articles/quality-and-outcomes-framework-qof-statistics-annual-report
=856  40$uhttp://niopa.qub.ac.uk/handle/NIOPA/16064
=859  \\$aELD$bejournal
=CAT  \\$a8483$b40$c20230822$lBLL01$h1435
=CAT  \\$a8483$b40$c20230915$lBLL01$h1246
=FIN  \\$aY$d20230822
=LET  \0$aQuality and outcomes framework statistics for Northern Ireland (Electronic)
=LAS  \\$a8483$b40$c20230915$lBLL01$h1246

