=LDR  02435nas a2200529 i 4500
=001  021189733
=003  Uk
=005  20230829112710.0
=007  cr\|||||||||||
=008  230829c20099999nikar\\\o\s\\o0\\\a0eng\\
=FMT  \\$a  SE
=015  \\$aGBC3G2631$2bnb
=040  \\$aUk$beng$cUk$erda
=042  \\$aukblsr
=082  04$a362.1809416$223
=245  00$aNorthern Ireland hospital statistics emergency care.
=246  30$aHospital statistics emergency care
=264  \1$aBelfast :$bHospital Information Branch, Department of Health, Social Services & Public Safety
=264  31$aBelfast :$bHospital Information Branch, Information & Analysis Directorate, Department of Health
=300  \\$billustrations (colour)
=310  \\$aAnnual
=336  \\$atext$2rdacontent
=337  \\$acomputer$2rdamedia
=338  \\$aonline resource$2rdacarrier
=362  1\$aPrint began with issue no.1 (2009/2010).
=500  \\$aAccompanied online by infographics and statistical spreadsheets.
=588  \\$aDescription based on print version record.
=588  \\$aLatest issue consulted: 2022/2023 (NI Department of Health website, viewed August 29, 2023).
=650  \7$aHospitals$xEmergency services.$2fast$0(OCoLC)fst01430488
=650  \7$aAmbulance service.$2fast$0(OCoLC)fst00806788
=651  \7$aNorthern Ireland.$2fast$0(OCoLC)fst01205215
=655  \7$aStatistics.$2fast$0(OCoLC)fst01423727
=655  \7$aPeriodicals.$2fast$0(OCoLC)fst01411641
=710  1\$aNorthern Ireland.$bDepartment of Health.$bHospital Information Branch,$eissuing body.
=710  1\$aNorthern Ireland.$bDepartment of Health, Social Services, and Public Safety,$eissuing body.
=776  08$iAlso issued in print -<2011> as:$tNorthern Ireland hospital statistics emergency care.
=856  40$uhttps://www.health-ni.gov.uk/articles/emergency-care-and-ambulance-statistics
=856  4\$uhttp://niopa.qub.ac.uk/handle/NIOPA/16067
=859  \\$aELD$bejournal
=CAT  \\$a8483$b40$c20230829$lBLL01$h1121
=CAT  \\$a8483$b40$c20230829$lBLL01$h1124
=CAT  \\$a8483$b40$c20230829$lBLL01$h1125
=CAT  \\$a8483$b40$c20230829$lBLL01$h1127
=FIN  \\$aY$d20230829
=LET  \0$aNorthern Ireland hospital statistics : Emergency care (Electronic)
=LKR  \\$aPAR$b015886113$lBLL01$r776$mNorthern Ireland hospital statistics emergency care.$nNorthern Ireland hospital statistics emergency care.
=LAS  \\$a8483$b40$c20230829$lBLL01$h1127

