=LDR  01982nas a2200517 i 4500
=001  021202658
=003  Uk
=005  20230907111320.0
=007  cr\|||||||||||
=008  230907d20202020nikmr\\\o\s\\\0\\\a0eng\\
=FMT  \\$a  SE
=040  \\$aUk$beng$cUk$erda
=042  \\$aukblsr
=082  04$a338.4791415$223
=245  00$aTourism Ireland Covid-19 tracker.
=246  30$aCovid-19 tracker
=246  1\$iWebsite link title:$aCovid-19 tracker research
=264  \1$a[Coleraine?] :$bTourism Ireland,$c2020-2020.
=300  \\$billustrations (colour)
=310  \\$aMonthly
=336  \\$atext$2rdacontent
=337  \\$acomputer$2rdamedia
=338  \\$aonline resource$2rdacarrier
=362  0\$aMay 2020-June 2020.
=500  \\$aTitle from PDF caption (Tourism Ireland website, viewed September 7, 2023).
=588  \\$aLatest issue consulted: June 2020, viewed September 7, 2023.
=650  \7$aCOVID-19 (Disease)$xSocial aspects.$2fast$0(OCoLC)fst01984649
=650  \7$aCOVID-19 (Disease)$xEconomic aspects.$2fast$0(OCoLC)fst02021810
=650  \7$aTourism.$2fast$0(OCoLC)fst01153142
=650  \7$aTourism$xHealth aspects.$2fast$0(OCoLC)fst01153171
=651  \7$aIreland.$2fast$0(OCoLC)fst01205427
=651  \7$aNorthern Ireland.$2fast$0(OCoLC)fst01205215
=655  \7$aStatistics.$2fast$0(OCoLC)fst01423727
=655  \7$aPeriodicals.$2fast$0(OCoLC)fst01411641
=710  2\$aTourism Ireland (Organisation),$eissuing body.
=785  00$tTourism Ireland Covid-19 research
=856  40$uhttps://www.tourismireland.com/research-and-insights/covid-19-research
=856  40$uhttp://niopa.qub.ac.uk/handle/NIOPA/16139
=859  \\$aELD$bejournal
=CAT  \\$a8483$b40$c20230907$lBLL01$h1025
=CAT  \\$a8483$b40$c20230907$lBLL01$h1028
=CAT  \\$a8483$b40$c20230907$lBLL01$h1107
=CAT  \\$a8483$b40$c20230907$lBLL01$h1113
=FIN  \\$aY$d20230907
=LET  \0$aTourism Ireland Covid-19 tracker (Electronic)
=LAS  \\$a8483$b40$c20230907$lBLL01$h1113

