=LDR  01962nas a2200493 i 4500
=001  021202751
=003  Uk
=005  20230907111428.0
=007  cr\|||||||||||
=008  230907d20202022nikmr\\\o\s\\\0\\\a0eng\\
=FMT  \\$a  SE
=040  \\$aUk$beng$cUk$erda
=042  \\$aukblsr
=082  04$a338.4791415$223
=245  00$aTourism Ireland Covid-19 research.
=246  1\$iWebsite link title:$aCovid-19 tracker research
=246  30$aCovid-19 research
=264  \1$a[Coleraine?] :$bTourism Ireland,$c2020-2022.
=300  \\$billustrations (colour)
=310  \\$aMonthly
=336  \\$atext$2rdacontent
=337  \\$acomputer$2rdamedia
=338  \\$aonline resource$2rdacarrier
=362  0\$aAugust 2020-April 2022.
=500  \\$aTitle from PDF caption (Tourism Ireland website, viewed September 7, 2023).
=588  \\$aLatest issue consulted: April 2022 (viewed September 7, 2023).
=650  \7$aCOVID-19 (Disease)$xSocial aspects.$2fast$0(OCoLC)fst01984649
=650  \7$aCOVID-19 (Disease)$xEconomic aspects.$2fast$0(OCoLC)fst02021810
=650  \7$aTourism.$2fast$0(OCoLC)fst01153142
=650  \7$aTourism$xHealth aspects.$2fast$0(OCoLC)fst01153171
=651  \7$aIreland.$2fast$0(OCoLC)fst01205427
=651  \7$aNorthern Ireland.$2fast$0(OCoLC)fst01205215
=655  \7$aStatistics.$2fast$0(OCoLC)fst01423727
=655  \7$aPeriodicals.$2fast$0(OCoLC)fst01411641
=710  2\$aTourism Ireland (Organisation),$eissuing body.
=780  00$tTourism Ireland Covid-19 tracker
=856  40$uhttps://www.tourismireland.com/research-and-insights/covid-19-research
=856  40$uhttp://niopa.qub.ac.uk/handle/NIOPA/16139
=859  \\$aELD$bejournal
=CAT  \\$a8483$b40$c20230907$lBLL01$h1114
=FIN  \\$aY$d20230907
=LET  \0$aTourism Ireland Covid-19 research (Electronic)
=LKR  \\$aPAR$b021202658$lBLL01$r78000$mTourism Ireland Covid-19 research.$nTourism Ireland Covid-19 tracker.
=LAS  \\$a8483$b40$c20230907$lBLL01$h1114

