=LDR  01976nas a2200505 i 4500
=001  021209948
=003  Uk
=005  20230915112352.0
=007  cr\|||||||||||
=008  230915d201u2021nikqr\p\o\s\\o0\\\a0eng\\
=FMT  \\$a  SE
=040  \\$aUk$beng$cUk$erda
=042  \\$aukblsr
=082  04$a333.7909416$223
=245  00$aRetail market monitoring quarterly transparency report.
=246  30$aQuarterly transparency report
=246  1\$iWebsite link title:$aQTR
=264  \1$a[Belfast] :$bUtility Regulator
=300  \\$billustrations (colour)
=310  \\$aQuarterly
=336  \\$atext$2rdacontent
=337  \\$acomputer$2rdamedia
=338  \\$aonline resource$2rdacarrier
=362  0\$a-Quarter 1 (January to March 2021).
=588  \\$aDescription based on: February 2013; title from PDF contents page (Utility Regulator website, viewed September 15, 2023).
=588  \\$aLatest issue consulted: Quarter 1 (January to March 2021), viewed September 15, 2023.
=650  \7$aEnergy industries.$2fast$0(OCoLC)fst00910110
=650  \7$aEnergy policy.$2fast$0(OCoLC)fst00910200
=651  \7$aNorthern Ireland.$2fast$0(OCoLC)fst01205215
=655  \7$aStatistics.$2fast$0(OCoLC)fst01423727
=655  \7$aPeriodicals.$2fast$0(OCoLC)fst01411641
=655  \7$aReports.$2fast$0(OCoLC)fst01424056
=710  1\$aNorthern Ireland.$bUtility Regulator,$eissuing body.
=785  00$tQuarterly retail energy market monitoring report
=856  4\$uhttps://www.uregni.gov.uk/market-information
=856  4\$uhttp://niopa.qub.ac.uk/handle/NIOPA/8762
=859  \\$aELD$bejournal
=CAT  \\$a8483$b40$c20230915$lBLL01$h1018
=CAT  \\$a8483$b40$c20230915$lBLL01$h1021
=CAT  \\$a8483$b40$c20230915$lBLL01$h1103
=CAT  \\$a8483$b40$c20230915$lBLL01$h1105
=CAT  \\$a8483$b40$c20230915$lBLL01$h1123
=FIN  \\$aY$d20230915
=LET  \0$aRetail Market Monitoring Quarterly Transparency Report (Electronic)
=LAS  \\$a8483$b40$c20230915$lBLL01$h1123

