=LDR  01853nas a2200457 i 4500
=001  021209963
=003  Uk
=005  20230915112339.0
=007  cr\|||||||||||
=008  230915c20219999nikqr\\\o\s\\o0\\\a0eng\\
=FMT  \\$a  SE
=040  \\$aUk$beng$cUk$erda
=042  \\$aukblsr
=082  04$a333.7909416$223
=245  00$aQuarterly retail energy market monitoring report.
=264  \1$a[Belfast] :$bUtility Regulator
=300  \\$billustrations (colour)
=310  \\$aQuarterly
=336  \\$atext$2rdacontent
=337  \\$acomputer$2rdamedia
=338  \\$aonline resource$2rdacarrier
=362  0\$aQuarter 2 (April to June 2021)-
=500  \\$aTitle from PDF title page (Utility Regulator website, viewed September 15, 2023).
=588  \\$aLatest issue consulted: Quarter 4 (1 October-31 December 2022), viewed September 15, 2023.
=650  \7$aEnergy industries.$2fast$0(OCoLC)fst00910110
=650  \7$aEnergy policy.$2fast$0(OCoLC)fst00910200
=651  \7$aNorthern Ireland.$2fast$0(OCoLC)fst01205215
=655  \7$aStatistics.$2fast$0(OCoLC)fst01423727
=655  \7$aPeriodicals.$2fast$0(OCoLC)fst01411641
=655  \7$aReports.$2fast$0(OCoLC)fst01424056
=710  1\$aNorthern Ireland.$bUtility Regulator,$eissuing body.
=780  00$tRetail market monitoring quarterly transparency report
=856  4\$uhttps://www.uregni.gov.uk/market-information
=856  40$uhttp://niopa.qub.ac.uk/handle/NIOPA/8762
=859  \\$aELD$bejournal
=CAT  \\$a8483$b40$c20230915$lBLL01$h1104
=CAT  \\$a8483$b40$c20230915$lBLL01$h1123
=FIN  \\$aY$d20230915
=LET  \0$aQuarterly retail energy market monitoring report (Electronic)
=LKR  \\$aPAR$b021209948$lBLL01$r78000$mQuarterly retail energy market monitoring report.$nRetail market monitoring quarterly transparency report.
=LAS  \\$a8483$b40$c20230915$lBLL01$h1123

