=LDR  01906nas a2200481 i 4500
=001  021209986
=003  Uk
=005  20230915114251.0
=007  cr\|||||||||||
=008  230915c20209999nikar\\\o\s\\o0\\\a0eng\\
=FMT  \\$a  SE
=040  \\$aUk$beng$cUk$erda
=042  \\$aukblsr
=082  04$a333.7909416$223
=245  00$aAnnual retail energy market monitoring report
=246  3\$aAREMM
=264  \1$a[Belfast] :$bUtility Regulator
=300  \\$billustrations (colour)
=310  \\$aAnnual
=336  \\$atext$2rdacontent
=337  \\$acomputer$2rdamedia
=338  \\$aonline resource$2rdacarrier
=362  0\$aJanuary/December 2020-
=500  \\$aTitle from PDF title page (Utility Regulator website, viewed September 15, 2023).
=588  \\$aLatest issue consulted: January/December 2021, published July 29, 2022 (viewed September 2023).
=650  \7$aEnergy industries.$2fast$0(OCoLC)fst00910110
=650  \7$aEnergy policy.$2fast$0(OCoLC)fst00910200
=651  \7$aNorthern Ireland.$2fast$0(OCoLC)fst01205215
=655  \7$aStatistics.$2fast$0(OCoLC)fst01423727
=655  \7$aPeriodicals.$2fast$0(OCoLC)fst01411641
=655  \7$aAnnual reports.$2fast$0(OCoLC)fst01919893
=710  1\$aNorthern Ireland.$bUtility Regulator,$eissuing body.
=780  00$tRetail market monitoring annual transparency report
=856  4\$uhttps://www.uregni.gov.uk/market-information
=856  4\$uhttp://niopa.qub.ac.uk/handle/NIOPA/8762
=859  \\$aELD$bejournal
=CAT  \\$a8483$b40$c20230915$lBLL01$h1141
=CAT  \\$a8483$b40$c20230915$lBLL01$h1142
=CAT  \\$a8483$b40$c20230915$lBLL01$h1142
=FIN  \\$aY$d20230915
=LET  \0$aAnnual retail energy market monitoring report (Electronic)
=LKR  \\$aPAR$b021209978$lBLL01$r78000$mAnnual retail energy market monitoring report$nRetail market monitoring annual transparency report.
=LAS  \\$a8483$b40$c20230915$lBLL01$h1142

